"<TYPE>","<TICKER>","<TAS.SEQ>","<ACTIVITY.DATETIME>","<BID.PRICE>","<BID.SIZE>"
"Q","BZTF21",3,2020-08-31 23:45:10.4066,-0.75,1
"Q","BZTF21",5,2020-08-31 23:45:10.4066,-0.75,1
"Q","BZTF21",7,2020-08-31 23:48:26.1087,-0.75,1
"Q","BZTF21",8,2020-08-31 23:48:26.1087,-0.75,1
"Q","BZTF21",15,2020-09-01 00:15:34.117,-0.75,1
"Q","BZTF21",17,2020-09-01 00:15:34.117,-1,600
"Q","BZTF21",19,2020-09-01 11:22:34.502,-1,600
"Q","BZTF21",21,2020-09-01 12:06:02.2632,-0.75,100
"Q","BZTF21",23,2020-09-01 12:06:03.6995,-0.75,100
"Q","BZTF21",25,2020-09-01 12:06:05.8257,-0.5,50
"Q","BZTF21",27,2020-09-01 12:06:07.8362,-0.5,50
"Q","BZTF21",29,2020-09-01 12:06:10.3018,-0.25,25
"Q","BZTF21",31,2020-09-01 12:06:11.5507,-0.25,25
"Q","BZTF21",33,2020-09-01 13:00:00.0192,-0.25,25
"Q","BZTF21",35,2020-09-01 13:33:16.2913,-0.25,25
"Q","BZTF21",37,2020-09-01 13:34:06.1804,-0.25,25
"Q","BZTF21",39,2020-09-01 13:44:05.1474,-0.25,25
"Q","BZTF21",41,2020-09-01 13:52:32.2254,-0.25,25
"Q","BZTF21",43,2020-09-01 13:53:58.7755,-0.25,25
"Q","BZTF21",45,2020-09-01 13:53:58.7755,-0.25,25
"Q","BZTF21",47,2020-09-01 13:53:58.7755,-0.25,25
"Q","BZTF21",49,2020-09-01 13:54:10.7549,-0.25,25
"Q","BZTF21",51,2020-09-01 14:09:53.3004,-0.25,25
"Q","BZTF21",53,2020-09-01 14:43:57.0654,-0.25,25
"Q","BZTF21",55,2020-09-01 14:48:43.8712,-0.25,25
"Q","BZTF21",57,2020-09-01 14:58:30.8979,-0.25,25
"Q","BZTF21",59,2020-09-01 15:01:39.4504,-0.25,25
"Q","BZTF21",61,2020-09-01 15:02:45.4459,-0.25,25
"Q","BZTF21",63,2020-09-01 15:16:38.6158,-0.25,25
"Q","BZTF21",65,2020-09-01 15:21:14.8272,-0.25,25
"Q","BZTF21",67,2020-09-01 15:21:14.8272,-0.25,25
"Q","BZTF21",69,2020-09-01 15:21:18.7234,-0.25,25
"Q","BZTF21",71,2020-09-01 15:21:32.7393,-0.25,25
"Q","BZTF21",73,2020-09-01 15:22:16.7788,-0.25,25
"Q","BZTF21",75,2020-09-01 17:10:57.3496,-0.25,25
"Q","BZTF21",77,2020-09-01 17:20:49.238,-0.25,25
"Q","BZTF21",79,2020-09-01 19:22:32.0702,-0.25,25
"Q","BZTF21",81,2020-09-01 19:22:33.8169,-0.25,25
"Q","BZTF21",83,2020-09-01 19:22:52.877,-0.25,25
"Q","BZTF21",85,2020-09-01 19:23:02.1329,-0.25,25
"Q","BZTF21",87,2020-09-01 19:23:07.03,-0.25,25
"Q","BZTF21",89,2020-09-01 19:23:22.6366,-0.25,25
"Q","BZTF21",91,2020-09-01 19:24:04.1648,-0.25,25
"Q","BZTF21",93,2020-09-01 19:32:32.9431,-0.25,25
"Q","BZTF21",95,2020-09-01 19:36:32.0026,-0.25,25
"Q","BZTF21",97,2020-09-01 20:01:49.1188,-0.25,25
"Q","BZTF21",99,2020-09-01 20:02:44.7431,-0.25,25
"Q","BZTF21",101,2020-09-01 20:05:49.2087,-0.25,25
"Q","BZTF21",103,2020-09-01 20:12:55.7296,-0.25,25
"Q","BZTF21",105,2020-09-01 20:13:10.8657,-0.25,25
"Q","BZTF21",107,2020-09-01 20:13:37.0264,-0.25,25
"Q","BZTF21",109,2020-09-01 20:23:28.672,-0.25,25
"Q","BZTF21",111,2020-09-01 20:23:30.0287,-0.5,50
"Q","BZTF21",113,2020-09-01 20:24:29.5151,-0.75,1000
"Q","BZTF21",115,2020-09-01 20:26:00.018,-0.75,100
"Q","BZTF21",117,2020-09-01 20:27:50.0173,-0.75,100
"Q","BZTF21",119,2020-09-01 20:27:50.0173,-0.75,100
"Q","BZTF21",121,2020-09-01 20:27:50.0173,-0.75,100
"Q","BZTF21",123,2020-09-01 20:27:50.0173,-0.75,100
"Q","BZTF21",125,2020-09-01 20:27:50.0173,-0.75,100
"Q","BZTF21",127,2020-09-01 20:27:50.0173,-0.75,100
"Q","BZTF21",129,2020-09-01 20:27:50.0173,-0.75,100
"Q","BZTF21",131,2020-09-01 20:27:50.0173,-0.75,100
"Q","BZTF21",133,2020-09-01 20:27:50.0173,-0.75,100
"Q","BZTF21",135,2020-09-01 20:28:15.6398,-0.75,100
"Q","BZTF21",137,2020-09-01 20:28:15.6398,-2,5
"Q","BZTF21",139,2020-09-01 20:28:19.882,-2,669
"Q","BZTF21",141,2020-09-01 20:28:19.882,-2,663
"Q","BZTF21",143,2020-09-01 20:28:19.9993,-2,5
"Q","BZTF21",145,2020-09-01 20:28:20.0505,-2,717
"Q","BZTF21",147,2020-09-01 20:28:20.0996,-2,755
"Q","BZTF21",149,2020-09-01 20:28:21.0354,-2,717
"Q","BZTF21",151,2020-09-01 20:28:21.0354,-2,644
"Q","BZTF21",153,2020-09-01 20:28:21.0449,-2,638
"Q","BZTF21",155,2020-09-01 20:28:21.0449,-2,621
"Q","BZTF21",157,2020-09-01 20:28:21.0449,-2,610
"Q","BZTF21",159,2020-09-01 20:28:21.0513,-2,598
"Q","BZTF21",161,2020-09-01 20:28:21.0513,-2,575
"Q","BZTF21",163,2020-09-01 20:28:21.0513,-2,570
"Q","BZTF21",165,2020-09-01 20:28:21.0939,-2,625
"Q","BZTF21",167,2020-09-01 20:28:21.1128,-2,624
"Q","BZTF21",169,2020-09-01 20:28:21.1838,-2,656
"Q","BZTF21",171,2020-09-01 20:28:21.2949,-2,665
"Q","BZTF21",173,2020-09-01 20:28:21.2949,-2,664
"Q","BZTF21",175,2020-09-01 20:28:21.3256,-2,663
"Q","BZTF21",177,2020-09-01 20:28:21.3578,-2,662
"Q","BZTF21",179,2020-09-01 20:28:21.3784,-2,673
"Q","BZTF21",181,2020-09-01 20:28:21.3973,-2,672
"Q","BZTF21",183,2020-09-01 20:28:21.4148,-2,666
"Q","BZTF21",185,2020-09-01 20:28:21.4148,-2,661
"Q","BZTF21",187,2020-09-01 20:28:21.4148,-2,657
"Q","BZTF21",189,2020-09-01 20:28:21.4148,-2,656
"Q","BZTF21",191,2020-09-01 20:28:21.4148,-2,649
"Q","BZTF21",193,2020-09-01 20:28:21.4148,-2,638
"Q","BZTF21",195,2020-09-01 20:28:21.4148,-2,627
"Q","BZTF21",197,2020-09-01 20:28:21.4212,-2,616
"Q","BZTF21",199,2020-09-01 20:28:21.4212,-2,613
"Q","BZTF21",201,2020-09-01 20:28:21.4212,-2,610
"Q","BZTF21",203,2020-09-01 20:28:21.4603,-2,609
"Q","BZTF21",205,2020-09-01 20:28:21.69,-2,608
"Q","BZTF21",207,2020-09-01 20:28:21.8528,-2,608
"Q","BZTF21",209,2020-09-01 20:28:21.8528,-2,608
"Q","BZTF21",211,2020-09-01 20:28:21.8528,-2,608
"Q","BZTF21",213,2020-09-01 20:28:21.8728,-2,608
"Q","BZTF21",215,2020-09-01 20:28:21.9077,-2,607
"Q","BZTF21",217,2020-09-01 20:28:21.9442,-2,612
"Q","BZTF21",219,2020-09-01 20:28:21.9442,-2,607
"Q","BZTF21",221,2020-09-01 20:28:21.9442,-2,606
"Q","BZTF21",223,2020-09-01 20:28:21.9866,-2,605
"Q","BZTF21",225,2020-09-01 20:28:22.017,-2,604
"Q","BZTF21",227,2020-09-01 20:28:22.078,-2,603
"Q","BZTF21",229,2020-09-01 20:28:22.094,-2,602
"Q","BZTF21",231,2020-09-01 20:28:22.1349,-2,601
"Q","BZTF21",233,2020-09-01 20:28:22.1768,-2,600
"Q","BZTF21",235,2020-09-01 20:28:22.2075,-2,599
"Q","BZTF21",237,2020-09-01 20:28:22.2386,-2,610
"Q","BZTF21",239,2020-09-01 20:28:22.2386,-2,609
"Q","BZTF21",241,2020-09-01 20:28:22.2703,-2,608
"Q","BZTF21",243,2020-09-01 20:28:22.3116,-2,607
"Q","BZTF21",245,2020-09-01 20:28:22.3169,-2,613
"Q","BZTF21",247,2020-09-01 20:28:22.3169,-2,612
"Q","BZTF21",249,2020-09-01 20:28:22.3169,-2,617
"Q","BZTF21",251,2020-09-01 20:28:22.3169,-2,622
"Q","BZTF21",253,2020-09-01 20:28:22.3169,-2,628
"Q","BZTF21",255,2020-09-01 20:28:22.3222,-2,629
"Q","BZTF21",257,2020-09-01 20:28:22.3297,-2,634
"Q","BZTF21",259,2020-09-01 20:28:22.344,-2,633
"Q","BZTF21",261,2020-09-01 20:28:22.3959,-2,632
"Q","BZTF21",263,2020-09-01 20:28:22.415,-2,631
"Q","BZTF21",265,2020-09-01 20:28:22.4678,-2,630
"Q","BZTF21",267,2020-09-01 20:28:22.4881,-2,629
"Q","BZTF21",269,2020-09-01 20:28:22.4934,-2,628
"Q","BZTF21",271,2020-09-01 20:28:22.4934,-2,624
"Q","BZTF21",273,2020-09-01 20:28:22.4934,-2,623
"Q","BZTF21",275,2020-09-01 20:28:22.4934,-2,618
"Q","BZTF21",277,2020-09-01 20:28:22.4934,-2,613
"Q","BZTF21",279,2020-09-01 20:28:22.4934,-2,608
"Q","BZTF21",281,2020-09-01 20:28:22.4934,-2,606
"Q","BZTF21",283,2020-09-01 20:28:22.4934,-2,599
"Q","BZTF21",285,2020-09-01 20:28:22.4934,-2,597
"Q","BZTF21",287,2020-09-01 20:28:22.4934,-2,601
"Q","BZTF21",289,2020-09-01 20:28:22.4934,-2,603
"Q","BZTF21",291,2020-09-01 20:28:22.4934,-2,601
"Q","BZTF21",293,2020-09-01 20:28:22.4934,-2,597
"Q","BZTF21",295,2020-09-01 20:28:22.4934,-2,592
"Q","BZTF21",297,2020-09-01 20:28:22.9966,-2,631
"Q","BZTF21",299,2020-09-01 20:28:23.0289,-2,630
"Q","BZTF21",301,2020-09-01 20:28:23.0644,-2,629
"Q","BZTF21",303,2020-09-01 20:28:23.0961,-2,628
"Q","BZTF21",305,2020-09-01 20:28:23.1107,-2,623
"Q","BZTF21",307,2020-09-01 20:28:23.1378,-2,622
"Q","BZTF21",309,2020-09-01 20:28:23.2157,-2,630
"Q","BZTF21",311,2020-09-01 20:28:23.2627,-2,624
"Q","BZTF21",313,2020-09-01 20:28:23.3382,-2,689
"Q","BZTF21",315,2020-09-01 20:28:23.378,-2,688
"Q","BZTF21",317,2020-09-01 20:28:23.3887,-2,687
"Q","BZTF21",319,2020-09-01 20:28:23.4249,-2,686
"Q","BZTF21",321,2020-09-01 20:28:23.4523,-2,685
"Q","BZTF21",323,2020-09-01 20:28:23.4915,-2,684
"Q","BZTF21",325,2020-09-01 20:28:23.5376,-2,683
"Q","BZTF21",327,2020-09-01 20:28:23.5681,-2,682
"Q","BZTF21",329,2020-09-01 20:28:23.6049,-2,697
"Q","BZTF21",331,2020-09-01 20:28:23.6049,-2,702
"Q","BZTF21",333,2020-09-01 20:28:23.6049,-2,707
"Q","BZTF21",335,2020-09-01 20:28:23.6194,-2,717
"Q","BZTF21",337,2020-09-01 20:28:23.6194,-2,152
"Q","BZTF21",339,2020-09-01 20:28:23.6194,-2,130
"Q","BZTF21",341,2020-09-01 20:28:23.6194,-2,100
"Q","BZTF21",343,2020-09-01 20:28:23.6194,-2,98
"Q","BZTF21",345,2020-09-01 20:28:23.6194,-2,40
"Q","BZTF21",347,2020-09-01 20:28:23.6194,-2,25
"Q","BZTF21",349,2020-09-01 20:28:23.6194,-1.75,442
"Q","BZTF21",351,2020-09-01 20:28:23.6245,-1.75,498
"Q","BZTF21",353,2020-09-01 20:28:24.0155,-1.75,442
"Q","BZTF21",355,2020-09-01 20:28:24.0155,-1.75,109
"Q","BZTF21",357,2020-09-01 20:28:24.0924,-1.75,94
"Q","BZTF21",359,2020-09-01 20:28:24.0924,-1.75,79
"Q","BZTF21",361,2020-09-01 20:28:24.0924,-1.75,74
"Q","BZTF21",363,2020-09-01 20:28:24.2113,-1.75,79
"Q","BZTF21",365,2020-09-01 20:28:24.2113,-1.75,74
"Q","BZTF21",367,2020-09-01 20:28:24.2608,-1.75,79
"Q","BZTF21",369,2020-09-01 20:28:24.3226,-1.75,78
"Q","BZTF21",371,2020-09-01 20:28:24.341,-1.75,74
"Q","BZTF21",373,2020-09-01 20:28:24.341,-1.75,69
"Q","BZTF21",375,2020-09-01 20:28:24.341,-1.75,64
"Q","BZTF21",377,2020-09-01 20:28:24.3464,-1.75,69
"Q","BZTF21",379,2020-09-01 20:28:24.3753,-1.75,68
"Q","BZTF21",381,2020-09-01 20:28:24.4958,-1.75,73
"Q","BZTF21",383,2020-09-01 20:28:24.5297,-1.75,88
"Q","BZTF21",385,2020-09-01 20:28:24.5889,-1.75,107
"Q","BZTF21",387,2020-09-01 20:28:24.687,-1.75,106
"Q","BZTF21",389,2020-09-01 20:28:24.7092,-1.75,116
"Q","BZTF21",391,2020-09-01 20:28:24.7092,-1.75,111
"Q","BZTF21",393,2020-09-01 20:28:24.7092,-1.75,121
"Q","BZTF21",395,2020-09-01 20:28:24.7177,-1.75,111
"Q","BZTF21",397,2020-09-01 20:28:24.7245,-1.75,106
"Q","BZTF21",399,2020-09-01 20:28:24.7898,-1.75,101
"Q","BZTF21",401,2020-09-01 20:28:24.7978,-1.75,106
"Q","BZTF21",403,2020-09-01 20:28:24.7978,-1.75,111
"Q","BZTF21",405,2020-09-01 20:28:24.8026,-1.75,106
"Q","BZTF21",407,2020-09-01 20:28:24.8124,-1.75,111
"Q","BZTF21",409,2020-09-01 20:28:24.8176,-1.75,106
"Q","BZTF21",411,2020-09-01 20:28:24.8212,-1.75,111
"Q","BZTF21",413,2020-09-01 20:28:24.8212,-1.75,135
"Q","BZTF21",415,2020-09-01 20:28:24.8212,-1.75,140
"Q","BZTF21",417,2020-09-01 20:28:24.8212,-1.75,145
"Q","BZTF21",419,2020-09-01 20:28:24.8212,-1.75,159
"Q","BZTF21",421,2020-09-01 20:28:24.8481,-1.5,4
"Q","BZTF21",423,2020-09-01 20:28:24.8534,-2,5
"Q","BZTF21",424,2020-09-01 20:28:24.8534,-1.75,213
"Q","BZTF21",426,2020-09-01 20:28:24.8534,-1.5,14
"Q","BZTF21",428,2020-09-01 20:28:24.8613,-2,5
"Q","BZTF21",429,2020-09-01 20:28:24.8613,-1.75,188
"Q","BZTF21",431,2020-09-01 20:28:24.9547,-1.75,182
"Q","BZTF21",433,2020-09-01 20:28:25.0393,-1.75,196
"Q","BZTF21",435,2020-09-01 20:28:25.0442,-1.75,181
"Q","BZTF21",437,2020-09-01 20:28:25.0442,-1.75,167
"Q","BZTF21",439,2020-09-01 20:28:25.0493,-1.75,139
"Q","BZTF21",441,2020-09-01 20:28:25.0493,-1.75,129
"Q","BZTF21",443,2020-09-01 20:28:25.0493,-1.75,110
"Q","BZTF21",445,2020-09-01 20:28:25.0493,-1.75,100
"Q","BZTF21",447,2020-09-01 20:28:25.0524,-1.75,95
"Q","BZTF21",449,2020-09-01 20:28:25.0576,-1.75,91
"Q","BZTF21",451,2020-09-01 20:28:25.0576,-1.75,76
"Q","BZTF21",453,2020-09-01 20:28:25.0784,-1.75,71
"Q","BZTF21",455,2020-09-01 20:28:25.0954,-1.75,66
"Q","BZTF21",457,2020-09-01 20:28:25.1317,-1.75,62
"Q","BZTF21",459,2020-09-01 20:28:25.1368,-1.75,47
"Q","BZTF21",461,2020-09-01 20:28:25.1368,-1.75,42
"Q","BZTF21",463,2020-09-01 20:28:25.1368,-1.75,38
"Q","BZTF21",465,2020-09-01 20:28:25.1423,-1.75,33
"Q","BZTF21",467,2020-09-01 20:28:25.1423,-1.75,19
"Q","BZTF21",469,2020-09-01 20:28:25.1423,-1.75,14
"Q","BZTF21",471,2020-09-01 20:28:25.2997,-1.5,85
"Q","BZTF21",473,2020-09-01 20:28:25.3052,-2,5
"Q","BZTF21",474,2020-09-01 20:28:25.3052,-1.75,109
"Q","BZTF21",476,2020-09-01 20:28:25.3052,-1.5,18
"Q","BZTF21",478,2020-09-01 20:28:25.3115,-1.5,9
"Q","BZTF21",480,2020-09-01 20:28:25.3159,-2,5
"Q","BZTF21",481,2020-09-01 20:28:25.3159,-1.75,175
"Q","BZTF21",483,2020-09-01 20:28:25.3725,-1.5,47
"Q","BZTF21",485,2020-09-01 20:28:25.3725,-1.5,42
"Q","BZTF21",487,2020-09-01 20:28:25.4863,-1.5,84
"Q","BZTF21",489,2020-09-01 20:28:25.5912,-1.5,89
"Q","BZTF21",491,2020-09-01 20:28:25.7276,-1.5,102
"Q","BZTF21",493,2020-09-01 20:28:25.819,-1.5,106
"Q","BZTF21",495,2020-09-01 20:28:25.819,-1.5,102
"Q","BZTF21",497,2020-09-01 20:28:25.8362,-1.5,97
"Q","BZTF21",499,2020-09-01 20:28:25.8362,-1.5,92
"Q","BZTF21",501,2020-09-01 20:28:25.8362,-1.5,88
"Q","BZTF21",503,2020-09-01 20:28:25.8362,-1.5,80
"Q","BZTF21",505,2020-09-01 20:28:25.8362,-1.5,83
"Q","BZTF21",507,2020-09-01 20:28:26.043,-1.5,82
"Q","BZTF21",509,2020-09-01 20:28:26.1471,-1.5,96
"Q","BZTF21",511,2020-09-01 20:28:26.2677,-1.5,95
"Q","BZTF21",513,2020-09-01 20:28:26.2851,-1.5,91
"Q","BZTF21",515,2020-09-01 20:28:26.2851,-1.5,89
"Q","BZTF21",517,2020-09-01 20:28:26.2851,-1.5,77
"Q","BZTF21",519,2020-09-01 20:28:26.2851,-1.5,68
"Q","BZTF21",521,2020-09-01 20:28:26.2851,-1.5,77
"Q","BZTF21",523,2020-09-01 20:28:26.2912,-1.5,73
"Q","BZTF21",525,2020-09-01 20:28:26.2912,-1.5,68
"Q","BZTF21",527,2020-09-01 20:28:26.3474,-1.5,72
"Q","BZTF21",529,2020-09-01 20:28:26.3474,-1.5,91
"Q","BZTF21",531,2020-09-01 20:28:26.3474,-1.5,100
"Q","BZTF21",533,2020-09-01 20:28:26.3535,-1.5,91
"Q","BZTF21",535,2020-09-01 20:28:26.3535,-1.5,86
"Q","BZTF21",537,2020-09-01 20:28:26.3612,-1.5,91
"Q","BZTF21",539,2020-09-01 20:28:26.3798,-1.5,86
"Q","BZTF21",541,2020-09-01 20:28:26.4028,-1.5,90
"Q","BZTF21",543,2020-09-01 20:28:26.4595,-1.5,95
"Q","BZTF21",545,2020-09-01 20:28:26.5474,-1.5,94
"Q","BZTF21",547,2020-09-01 20:28:26.5757,-1.5,90
"Q","BZTF21",549,2020-09-01 20:28:26.6818,-1.5,89
"Q","BZTF21",551,2020-09-01 20:28:26.9422,-1.5,93
"Q","BZTF21",553,2020-09-01 20:28:26.9422,-1.5,89
"Q","BZTF21",555,2020-09-01 20:28:26.9422,-1.5,93
"Q","BZTF21",557,2020-09-01 20:28:26.9839,-1.5,89
"Q","BZTF21",559,2020-09-01 20:28:26.9839,-1.5,88
"Q","BZTF21",561,2020-09-01 20:28:26.9839,-1.5,86
"Q","BZTF21",563,2020-09-01 20:28:26.9839,-1.5,75
"Q","BZTF21",565,2020-09-01 20:28:26.9839,-1.5,71
"Q","BZTF21",567,2020-09-01 20:28:26.9839,-1.5,75
"Q","BZTF21",569,2020-09-01 20:28:27.1156,-1.5,79
"Q","BZTF21",571,2020-09-01 20:28:27.1342,-1.5,75
"Q","BZTF21",573,2020-09-01 20:28:27.2168,-1.5,74
"Q","BZTF21",575,2020-09-01 20:28:27.2441,-1.5,73
"Q","BZTF21",577,2020-09-01 20:28:27.2441,-1.5,70
"Q","BZTF21",579,2020-09-01 20:28:27.2773,-1.5,74
"Q","BZTF21",581,2020-09-01 20:28:27.5899,-1.5,73
"Q","BZTF21",583,2020-09-01 20:28:27.8234,-1.5,70
"Q","BZTF21",585,2020-09-01 20:28:27.8234,-1.5,69
"Q","BZTF21",587,2020-09-01 20:28:27.8234,-1.5,68
"Q","BZTF21",589,2020-09-01 20:28:27.8234,-1.5,64
"Q","BZTF21",591,2020-09-01 20:28:27.8234,-1.5,60
"Q","BZTF21",593,2020-09-01 20:28:27.8234,-1.5,56
"Q","BZTF21",595,2020-09-01 20:28:27.8234,-1.5,52
"Q","BZTF21",597,2020-09-01 20:28:27.8294,-1.5,56
"Q","BZTF21",599,2020-09-01 20:28:27.8294,-1.5,55
"Q","BZTF21",601,2020-09-01 20:28:27.8294,-1.5,51
"Q","BZTF21",603,2020-09-01 20:28:27.8294,-1.5,38
"Q","BZTF21",605,2020-09-01 20:28:27.8294,-1.5,21
"Q","BZTF21",607,2020-09-01 20:28:27.912,-1.5,25
"Q","BZTF21",609,2020-09-01 20:28:27.9302,-1.5,30
"Q","BZTF21",611,2020-09-01 20:28:27.9302,-1.5,34
"Q","BZTF21",613,2020-09-01 20:28:27.9302,-1.5,38
"Q","BZTF21",615,2020-09-01 20:28:27.9302,-1.5,47
"Q","BZTF21",617,2020-09-01 20:28:27.9426,-1.5,51
"Q","BZTF21",619,2020-09-01 20:28:27.9489,-1.5,55
"Q","BZTF21",621,2020-09-01 20:28:27.9689,-1.5,60
"Q","BZTF21",623,2020-09-01 20:28:27.9689,-1.5,64
"Q","BZTF21",625,2020-09-01 20:28:27.9887,-1.5,60
"Q","BZTF21",627,2020-09-01 20:28:27.9887,-1.5,55
"Q","BZTF21",629,2020-09-01 20:28:27.9948,-1.5,60
"Q","BZTF21",631,2020-09-01 20:28:28.0006,-1.5,64
"Q","BZTF21",633,2020-09-01 20:28:28.0006,-1.5,60
"Q","BZTF21",635,2020-09-01 20:28:28.0006,-1.5,64
"Q","BZTF21",637,2020-09-01 20:28:28.0006,-1.5,68
"Q","BZTF21",639,2020-09-01 20:28:28.0142,-1.5,64
"Q","BZTF21",641,2020-09-01 20:28:28.0142,-1.5,60
"Q","BZTF21",643,2020-09-01 20:28:28.0142,-1.5,55
"Q","BZTF21",645,2020-09-01 20:28:28.0142,-1.5,51
"Q","BZTF21",647,2020-09-01 20:28:28.0198,-1.5,55
"Q","BZTF21",649,2020-09-01 20:28:28.0249,-1.5,59
"Q","BZTF21",651,2020-09-01 20:28:28.0441,-1.5,64
"Q","BZTF21",653,2020-09-01 20:28:28.0441,-1.5,72
"Q","BZTF21",655,2020-09-01 20:28:28.0441,-1.5,77
"Q","BZTF21",657,2020-09-01 20:28:28.0554,-1.5,81
"Q","BZTF21",659,2020-09-01 20:28:28.0609,-1.5,77
"Q","BZTF21",661,2020-09-01 20:28:28.0609,-1.5,72
"Q","BZTF21",663,2020-09-01 20:28:28.193,-1.5,68
"Q","BZTF21",665,2020-09-01 20:28:28.2535,-1.5,67
"Q","BZTF21",667,2020-09-01 20:28:28.4662,-1.5,64
"Q","BZTF21",669,2020-09-01 20:28:28.4662,-1.5,63
"Q","BZTF21",671,2020-09-01 20:28:28.4662,-1.5,59
"Q","BZTF21",673,2020-09-01 20:28:28.5112,-1.5,58
"Q","BZTF21",675,2020-09-01 20:28:28.6492,-1.5,62
"Q","BZTF21",677,2020-09-01 20:28:28.7967,-1.5,66
"Q","BZTF21",679,2020-09-01 20:28:28.8158,-1.5,62
"Q","BZTF21",681,2020-09-01 20:28:29.0292,-1.5,60
"Q","BZTF21",683,2020-09-01 20:28:29.0292,-1.5,56
"Q","BZTF21",685,2020-09-01 20:28:29.0292,-1.5,53
"Q","BZTF21",687,2020-09-01 20:28:29.0292,-1.5,49
"Q","BZTF21",689,2020-09-01 20:28:29.0292,-1.5,45
"Q","BZTF21",691,2020-09-01 20:28:29.0292,-1.5,41
"Q","BZTF21",693,2020-09-01 20:28:29.0292,-1.5,39
"Q","BZTF21",695,2020-09-01 20:28:29.0347,-1.5,43
"Q","BZTF21",697,2020-09-01 20:28:29.0347,-1.5,49
"Q","BZTF21",699,2020-09-01 20:28:29.0478,-1.5,45
"Q","BZTF21",701,2020-09-01 20:28:29.0478,-1.5,43
"Q","BZTF21",703,2020-09-01 20:28:29.0478,-1.5,41
"Q","BZTF21",705,2020-09-01 20:28:29.0478,-1.5,37
"Q","BZTF21",707,2020-09-01 20:28:29.0478,-1.5,35
"Q","BZTF21",709,2020-09-01 20:28:29.0478,-1.5,37
"Q","BZTF21",711,2020-09-01 20:28:29.0581,-1.5,35
"Q","BZTF21",713,2020-09-01 20:28:29.0581,-1.5,34
"Q","BZTF21",715,2020-09-01 20:28:29.0581,-1.5,30
"Q","BZTF21",717,2020-09-01 20:28:29.0581,-1.5,28
"Q","BZTF21",719,2020-09-01 20:28:29.0581,-1.5,25
"Q","BZTF21",721,2020-09-01 20:28:29.0581,-1.5,24
"Q","BZTF21",723,2020-09-01 20:28:29.1228,-1.5,21
"Q","BZTF21",725,2020-09-01 20:28:29.1228,-1.5,20
"Q","BZTF21",727,2020-09-01 20:28:29.1364,-1.5,16
"Q","BZTF21",729,2020-09-01 20:28:29.1399,-1.5,12
"Q","BZTF21",731,2020-09-01 20:28:29.1648,-1.5,20
"Q","BZTF21",733,2020-09-01 20:28:29.1648,-1.5,24
"Q","BZTF21",735,2020-09-01 20:28:29.1648,-1.5,28
"Q","BZTF21",737,2020-09-01 20:28:29.4316,-1.5,24
"Q","BZTF21",739,2020-09-01 20:28:29.4316,-1.5,20
"Q","BZTF21",741,2020-09-01 20:28:29.4316,-1.5,16
"Q","BZTF21",743,2020-09-01 20:28:29.5167,-1.5,20
"Q","BZTF21",745,2020-09-01 20:28:29.5266,-1.5,24
"Q","BZTF21",747,2020-09-01 20:28:29.5316,-1.5,36
"Q","BZTF21",749,2020-09-01 20:28:29.5316,-1.5,40
"Q","BZTF21",751,2020-09-01 20:28:29.5467,-1.5,36
"Q","BZTF21",753,2020-09-01 20:28:29.5506,-1.5,32
"Q","BZTF21",755,2020-09-01 20:28:29.5749,-1.5,28
"Q","BZTF21",757,2020-09-01 20:28:29.5749,-1.5,24
"Q","BZTF21",759,2020-09-01 20:28:29.5805,-1.5,20
"Q","BZTF21",761,2020-09-01 20:28:29.5805,-1.5,16
"Q","BZTF21",763,2020-09-01 20:28:30.0222,-1.5,15
"Q","BZTF21",765,2020-09-01 20:28:30.0316,-1.5,12
"Q","BZTF21",767,2020-09-01 20:28:30.0316,-1.5,11
"Q","BZTF21",769,2020-09-01 20:28:30.0368,-1.5,3
"Q","BZTF21",771,2020-09-01 20:28:30.0468,-2,5
"Q","BZTF21",772,2020-09-01 20:28:30.0468,-1.75,199
"Q","BZTF21",774,2020-09-01 20:28:30.0663,-1.75,203
"Q","BZTF21",776,2020-09-01 20:28:30.0758,-1.75,207
"Q","BZTF21",778,2020-09-01 20:28:30.1095,-1.75,203
"Q","BZTF21",780,2020-09-01 20:28:30.1095,-1.75,199
"Q","BZTF21",782,2020-09-01 20:28:30.1095,-1.75,187
"Q","BZTF21",784,2020-09-01 20:28:30.1269,-1.75,167
"Q","BZTF21",786,2020-09-01 20:28:30.1435,-1.75,107
"Q","BZTF21",788,2020-09-01 20:28:30.2072,-1.75,99
"Q","BZTF21",790,2020-09-01 20:28:30.2072,-1.75,87
"Q","BZTF21",792,2020-09-01 20:28:30.2127,-1.75,83
"Q","BZTF21",794,2020-09-01 20:28:30.2181,-1.75,75
"Q","BZTF21",796,2020-09-01 20:28:30.2181,-1.75,67
"Q","BZTF21",798,2020-09-01 20:28:30.2235,-1.75,63
"Q","BZTF21",800,2020-09-01 20:28:30.2235,-1.75,59
"Q","BZTF21",802,2020-09-01 20:28:30.3798,-1.5,7
"Q","BZTF21",804,2020-09-01 20:28:30.434,-1.5,3
"Q","BZTF21",806,2020-09-01 20:28:30.6618,-2,5
"Q","BZTF21",807,2020-09-01 20:28:30.6618,-1.75,160
"Q","BZTF21",809,2020-09-01 20:28:30.6674,-1.5,11
"Q","BZTF21",811,2020-09-01 20:28:30.6674,-1.5,3
"Q","BZTF21",813,2020-09-01 20:28:30.9229,-1.5,11
"Q","BZTF21",815,2020-09-01 20:28:31.0011,-1.5,8
"Q","BZTF21",817,2020-09-01 20:28:31.0011,-1.75,11
"Q","BZTF21",819,2020-09-01 20:28:31.0067,-2,5
"Q","BZTF21",820,2020-09-01 20:28:31.0067,-2,152
"Q","BZTF21",822,2020-09-01 20:28:31.0134,-2,144
"Q","BZTF21",824,2020-09-01 20:28:31.0134,-2,136
"Q","BZTF21",826,2020-09-01 20:28:31.0334,-2,132
"Q","BZTF21",828,2020-09-01 20:28:31.0429,-2,124
"Q","BZTF21",830,2020-09-01 20:28:31.0477,-2,128
"Q","BZTF21",832,2020-09-01 20:28:31.053,-2,124
"Q","BZTF21",834,2020-09-01 20:28:31.053,-2,121
"Q","BZTF21",836,2020-09-01 20:28:31.053,-2,120
"Q","BZTF21",838,2020-09-01 20:28:31.0589,-2,124
"Q","BZTF21",840,2020-09-01 20:28:31.0589,-2,128
"Q","BZTF21",842,2020-09-01 20:28:31.0589,-2,124
"Q","BZTF21",844,2020-09-01 20:28:31.0589,-2,120
"Q","BZTF21",846,2020-09-01 20:28:31.0589,-2,113
"Q","BZTF21",848,2020-09-01 20:28:31.0589,-2,109
"Q","BZTF21",850,2020-09-01 20:28:31.0651,-2,105
"Q","BZTF21",852,2020-09-01 20:28:31.0651,-2,97
"Q","BZTF21",854,2020-09-01 20:28:31.0705,-2,113
"Q","BZTF21",856,2020-09-01 20:28:31.1139,-2,143
"Q","BZTF21",858,2020-09-01 20:28:31.2094,-2,135
"Q","BZTF21",860,2020-09-01 20:28:31.2094,-2,131
"Q","BZTF21",862,2020-09-01 20:28:31.2094,-2,128
"Q","BZTF21",864,2020-09-01 20:28:31.2147,-2,117
"Q","BZTF21",866,2020-09-01 20:28:31.2147,-2,124
"Q","BZTF21",868,2020-09-01 20:28:31.2147,-2,117
"Q","BZTF21",870,2020-09-01 20:28:31.2147,-2,116
"Q","BZTF21",872,2020-09-01 20:28:31.2458,-2,120
"Q","BZTF21",874,2020-09-01 20:28:31.3226,-2,119
"Q","BZTF21",876,2020-09-01 20:28:31.3226,-2,116
"Q","BZTF21",878,2020-09-01 20:28:31.3675,-2,115
"Q","BZTF21",880,2020-09-01 20:28:31.45,-2,119
"Q","BZTF21",882,2020-09-01 20:28:31.5762,-2,115
"Q","BZTF21",884,2020-09-01 20:28:31.628,-2,122
"Q","BZTF21",886,2020-09-01 20:28:31.628,-2,130
"Q","BZTF21",888,2020-09-01 20:28:31.628,-2,134
"Q","BZTF21",890,2020-09-01 20:28:31.6467,-2,133
"Q","BZTF21",892,2020-09-01 20:28:31.7124,-2,137
"Q","BZTF21",894,2020-09-01 20:28:31.7124,-2,141
"Q","BZTF21",896,2020-09-01 20:28:31.7124,-2,145
"Q","BZTF21",898,2020-09-01 20:28:31.721,-2,141
"Q","BZTF21",900,2020-09-01 20:28:31.721,-2,137
"Q","BZTF21",902,2020-09-01 20:28:31.8076,-2,133
"Q","BZTF21",904,2020-09-01 20:28:31.8076,-2,132
"Q","BZTF21",906,2020-09-01 20:28:31.8076,-2,129
"Q","BZTF21",908,2020-09-01 20:28:31.819,-2,122
"Q","BZTF21",910,2020-09-01 20:28:31.819,-2,121
"Q","BZTF21",912,2020-09-01 20:28:31.819,-2,118
"Q","BZTF21",914,2020-09-01 20:28:31.9199,-2,117
"Q","BZTF21",916,2020-09-01 20:28:32.0487,-2,121
"Q","BZTF21",918,2020-09-01 20:28:32.0753,-2,124
"Q","BZTF21",920,2020-09-01 20:28:32.1747,-2,121
"Q","BZTF21",922,2020-09-01 20:28:32.1747,-2,120
"Q","BZTF21",924,2020-09-01 20:28:32.3254,-2,123
"Q","BZTF21",926,2020-09-01 20:28:32.5684,-2,122
"Q","BZTF21",928,2020-09-01 20:28:32.8443,-2,121
"Q","BZTF21",930,2020-09-01 20:28:32.8598,-2,129
"Q","BZTF21",932,2020-09-01 20:28:32.888,-2,121
"Q","BZTF21",934,2020-09-01 20:28:32.888,-2,129
"Q","BZTF21",936,2020-09-01 20:28:32.9028,-2,121
"Q","BZTF21",938,2020-09-01 20:28:33.0026,-2,120
"Q","BZTF21",940,2020-09-01 20:28:33.0026,-2,117
"Q","BZTF21",942,2020-09-01 20:28:33.0999,-2,124
"Q","BZTF21",944,2020-09-01 20:28:33.0999,-2,117
"Q","BZTF21",946,2020-09-01 20:28:33.2339,-2,116
"Q","BZTF21",948,2020-09-01 20:28:33.3663,-2,120
"Q","BZTF21",950,2020-09-01 20:28:33.4249,-2,119
"Q","BZTF21",952,2020-09-01 20:28:33.7249,-2,118
"Q","BZTF21",954,2020-09-01 20:28:33.9623,-2,116
"Q","BZTF21",956,2020-09-01 20:28:33.9623,-2,114
"Q","BZTF21",958,2020-09-01 20:28:33.968,-2,112
"Q","BZTF21",960,2020-09-01 20:28:33.968,-2,106
"Q","BZTF21",962,2020-09-01 20:28:33.968,-2,103
"Q","BZTF21",964,2020-09-01 20:28:34.0082,-2,100
"Q","BZTF21",966,2020-09-01 20:28:34.0134,-2,96
"Q","BZTF21",968,2020-09-01 20:28:34.0134,-2,100
"Q","BZTF21",970,2020-09-01 20:28:34.0134,-2,96
"Q","BZTF21",972,2020-09-01 20:28:34.0134,-2,94
"Q","BZTF21",974,2020-09-01 20:28:34.0134,-2,93
"Q","BZTF21",976,2020-09-01 20:28:34.0244,-2,96
"Q","BZTF21",978,2020-09-01 20:28:34.078,-2,93
"Q","BZTF21",980,2020-09-01 20:28:34.0915,-2,89
"Q","BZTF21",982,2020-09-01 20:28:34.1168,-2,85
"Q","BZTF21",984,2020-09-01 20:28:34.1391,-2,82
"Q","BZTF21",986,2020-09-01 20:28:34.2226,-2,85
"Q","BZTF21",988,2020-09-01 20:28:34.2758,-2,82
"Q","BZTF21",990,2020-09-01 20:28:34.2881,-2,78
"Q","BZTF21",992,2020-09-01 20:28:34.427,-2,74
"Q","BZTF21",994,2020-09-01 20:28:34.4324,-2,53
"Q","BZTF21",996,2020-09-01 20:28:34.4431,-2,5
"Q","BZTF21",998,2020-09-01 20:28:35.7021,-2,8
"Q","BZTF21",1000,2020-09-01 20:28:35.7021,-2,5
"Q","BZTF21",1002,2020-09-01 20:28:35.729,-2,15
"Q","BZTF21",1004,2020-09-01 20:28:35.7344,-2,11
"Q","BZTF21",1006,2020-09-01 20:28:35.7344,-2,5
"Q","BZTF21",1008,2020-09-01 20:28:36.6989,-2,8
"Q","BZTF21",1010,2020-09-01 20:28:36.6989,-2,14
"Q","BZTF21",1012,2020-09-01 20:28:36.6989,-2,11
"Q","BZTF21",1014,2020-09-01 20:28:37.0531,-2,17
"Q","BZTF21",1016,2020-09-01 20:28:37.0531,-2,21
"Q","BZTF21",1018,2020-09-01 20:28:37.0531,-2,24
"Q","BZTF21",1020,2020-09-01 20:28:37.0562,-2,27
"Q","BZTF21",1022,2020-09-01 20:28:37.0609,-2,24
"Q","BZTF21",1024,2020-09-01 20:28:37.0609,-2,21
"Q","BZTF21",1026,2020-09-01 20:28:37.0659,-2,17
"Q","BZTF21",1028,2020-09-01 20:28:37.0659,-2,14
"Q","BZTF21",1030,2020-09-01 20:28:37.0691,-2,11
"Q","BZTF21",1032,2020-09-01 20:28:37.0738,-2,14
"Q","BZTF21",1034,2020-09-01 20:28:37.0738,-2,21
"Q","BZTF21",1036,2020-09-01 20:28:37.0738,-2,24
"Q","BZTF21",1038,2020-09-01 20:28:37.0738,-2,21
"Q","BZTF21",1040,2020-09-01 20:28:37.0738,-2,14
"Q","BZTF21",1042,2020-09-01 20:28:37.0738,-2,11
"Q","BZTF21",1044,2020-09-01 20:28:37.0974,-2,14
"Q","BZTF21",1046,2020-09-01 20:28:37.3696,-2,30
"Q","BZTF21",1048,2020-09-01 20:28:37.6239,-2,33
"Q","BZTF21",1050,2020-09-01 20:28:37.7602,-2,36
"Q","BZTF21",1052,2020-09-01 20:28:37.7662,-2,39
"Q","BZTF21",1054,2020-09-01 20:28:37.9603,-2,36
"Q","BZTF21",1056,2020-09-01 20:28:37.9603,-2,33
"Q","BZTF21",1058,2020-09-01 20:28:37.9603,-2,30
"Q","BZTF21",1060,2020-09-01 20:28:37.9647,-2,27
"Q","BZTF21",1062,2020-09-01 20:28:37.9647,-2,11
"Q","BZTF21",1064,2020-09-01 20:28:37.9647,-2,8
"Q","BZTF21",1066,2020-09-01 20:28:37.9647,-2,5
"Q","BZTF21",1068,2020-09-01 20:28:38.331,-2,8
"Q","BZTF21",1070,2020-09-01 20:28:38.331,-2,14
"Q","BZTF21",1072,2020-09-01 20:28:38.6331,-2,20
"Q","BZTF21",1074,2020-09-01 20:28:38.7295,-2,17
"Q","BZTF21",1076,2020-09-01 20:28:39.0324,-2,14
"Q","BZTF21",1078,2020-09-01 20:28:39.0991,-2,23
"Q","BZTF21",1080,2020-09-01 20:28:39.0991,-2,29
"Q","BZTF21",1082,2020-09-01 20:28:39.1042,-2,32
"Q","BZTF21",1084,2020-09-01 20:28:39.1042,-2,38
"Q","BZTF21",1086,2020-09-01 20:28:39.1042,-2,41
"Q","BZTF21",1088,2020-09-01 20:28:39.1042,-2,47
"Q","BZTF21",1090,2020-09-01 20:28:39.1108,-2,51
"Q","BZTF21",1092,2020-09-01 20:28:39.1108,-2,54
"Q","BZTF21",1094,2020-09-01 20:28:39.1108,-2,51
"Q","BZTF21",1096,2020-09-01 20:28:39.1163,-2,54
"Q","BZTF21",1098,2020-09-01 20:28:39.1163,-2,57
"Q","BZTF21",1100,2020-09-01 20:28:39.1163,-2,53
"Q","BZTF21",1102,2020-09-01 20:28:39.1163,-2,50
"Q","BZTF21",1104,2020-09-01 20:28:39.1163,-2,44
"Q","BZTF21",1106,2020-09-01 20:28:39.1229,-2,41
"Q","BZTF21",1108,2020-09-01 20:28:39.1229,-2,38
"Q","BZTF21",1110,2020-09-01 20:28:39.1229,-2,35
"Q","BZTF21",1112,2020-09-01 20:28:39.1314,-2,32
"Q","BZTF21",1114,2020-09-01 20:28:39.1314,-2,29
"Q","BZTF21",1116,2020-09-01 20:28:39.1314,-2,23
"Q","BZTF21",1118,2020-09-01 20:28:39.1728,-2,32
"Q","BZTF21",1120,2020-09-01 20:28:39.245,-2,32
"Q","BZTF21",1122,2020-09-01 20:28:39.245,-2,32
"Q","BZTF21",1124,2020-09-01 20:28:39.245,-2,32
"Q","BZTF21",1126,2020-09-01 20:28:39.245,-2,32
"Q","BZTF21",1128,2020-09-01 20:28:39.2858,-2,29
"Q","BZTF21",1130,2020-09-01 20:28:39.3687,-2,26
"Q","BZTF21",1132,2020-09-01 20:28:39.3687,-2,23
"Q","BZTF21",1134,2020-09-01 20:28:39.5251,-2,26
"Q","BZTF21",1136,2020-09-01 20:28:39.5251,-2,29
"Q","BZTF21",1138,2020-09-01 20:28:39.5306,-2,32
"Q","BZTF21",1140,2020-09-01 20:28:39.5306,-2,29
"Q","BZTF21",1142,2020-09-01 20:28:39.9323,-2,32
"Q","BZTF21",1144,2020-09-01 20:28:40.0218,-2,31
"Q","BZTF21",1146,2020-09-01 20:28:40.038,-2,29
"Q","BZTF21",1148,2020-09-01 20:28:40.038,-2,28
"Q","BZTF21",1150,2020-09-01 20:28:40.038,-2,31
"Q","BZTF21",1152,2020-09-01 20:28:40.1107,-2,28
"Q","BZTF21",1154,2020-09-01 20:28:40.1159,-2,26
"Q","BZTF21",1156,2020-09-01 20:28:40.1159,-2,25
"Q","BZTF21",1158,2020-09-01 20:28:40.1159,-2,22
"Q","BZTF21",1160,2020-09-01 20:28:40.1159,-2,20
"Q","BZTF21",1162,2020-09-01 20:28:40.1159,-2,19
"Q","BZTF21",1164,2020-09-01 20:28:40.1159,-2,16
"Q","BZTF21",1166,2020-09-01 20:28:40.1159,-2,12
"Q","BZTF21",1168,2020-09-01 20:28:40.1159,-2,16
"Q","BZTF21",1170,2020-09-01 20:28:40.2087,-2,13
"Q","BZTF21",1172,2020-09-01 20:28:40.3936,-2,22
"Q","BZTF21",1174,2020-09-01 20:28:41.0491,-2,16
"Q","BZTF21",1176,2020-09-01 20:28:41.0491,-2,13
"Q","BZTF21",1178,2020-09-01 20:28:41.0491,-2,8
"Q","BZTF21",1180,2020-09-01 20:28:41.0491,-2,7
"Q","BZTF21",1182,2020-09-01 20:28:41.0491,-2,5
"Q","BZTF21",1184,2020-09-01 20:28:41.0559,-2,5
"Q","BZTF21",1186,2020-09-01 20:28:41.0559,-2,5
"Q","BZTF21",1188,2020-09-01 20:28:41.105,-2,5
"Q","BZTF21",1190,2020-09-01 20:28:41.1282,-2,5
"Q","BZTF21",1192,2020-09-01 20:28:41.1282,-2,5
"Q","BZTF21",1194,2020-09-01 20:28:41.1282,-2,5
"Q","BZTF21",1196,2020-09-01 20:28:41.1282,-2,5
"Q","BZTF21",1198,2020-09-01 20:28:41.1337,-2,5
"Q","BZTF21",1200,2020-09-01 20:28:41.1337,-2,5
"Q","BZTF21",1202,2020-09-01 20:28:41.1337,-2,5
"Q","BZTF21",1204,2020-09-01 20:28:41.139,-2,5
"Q","BZTF21",1206,2020-09-01 20:28:41.139,-2,5
"Q","BZTF21",1208,2020-09-01 20:28:41.139,-2,5
"Q","BZTF21",1210,2020-09-01 20:28:41.139,-2,5
"Q","BZTF21",1212,2020-09-01 20:28:41.139,-2,5
"Q","BZTF21",1214,2020-09-01 20:28:41.139,-2,5
"Q","BZTF21",1216,2020-09-01 20:28:41.139,-2,5
"Q","BZTF21",1218,2020-09-01 20:28:41.4631,-2,5
"Q","BZTF21",1220,2020-09-01 20:28:41.613,-2,5
"Q","BZTF21",1222,2020-09-01 20:28:41.6798,-2,5
"Q","BZTF21",1224,2020-09-01 20:28:41.6798,-2,5
"Q","BZTF21",1226,2020-09-01 20:28:41.6798,-2,5
"Q","BZTF21",1228,2020-09-01 20:28:41.6798,-2,5
"Q","BZTF21",1230,2020-09-01 20:28:41.6798,-2,5
"Q","BZTF21",1232,2020-09-01 20:28:41.6798,-2,5
"Q","BZTF21",1234,2020-09-01 20:28:41.6798,-2,5
"Q","BZTF21",1236,2020-09-01 20:28:41.6798,-2,5
"Q","BZTF21",1238,2020-09-01 20:28:41.6961,-2,5
"Q","BZTF21",1240,2020-09-01 20:28:41.7027,-2,5
"Q","BZTF21",1242,2020-09-01 20:28:41.7027,-2,5
"Q","BZTF21",1244,2020-09-01 20:28:41.7027,-2,5
"Q","BZTF21",1246,2020-09-01 20:28:41.7027,-2,5
"Q","BZTF21",1248,2020-09-01 20:28:41.7027,-2,5
"Q","BZTF21",1250,2020-09-01 20:28:41.7027,-2,5
"Q","BZTF21",1252,2020-09-01 20:28:41.7027,-2,5
"Q","BZTF21",1254,2020-09-01 20:28:41.7027,-2,5
"Q","BZTF21",1256,2020-09-01 20:28:41.7145,-2,5
"Q","BZTF21",1258,2020-09-01 20:28:42.0214,-2,5
"Q","BZTF21",1260,2020-09-01 20:28:42.0214,-2,5
"Q","BZTF21",1262,2020-09-01 20:28:42.0269,-2,5
"Q","BZTF21",1264,2020-09-01 20:28:42.0318,-2,5
"Q","BZTF21",1266,2020-09-01 20:28:42.037,-2,5
"Q","BZTF21",1268,2020-09-01 20:28:42.037,-2,5
"Q","BZTF21",1270,2020-09-01 20:28:42.037,-2,5
"Q","BZTF21",1272,2020-09-01 20:28:42.037,-2,10
"Q","BZTF21",1274,2020-09-01 20:28:42.0409,-2,7
"Q","BZTF21",1276,2020-09-01 20:28:42.0409,-2,10
"Q","BZTF21",1278,2020-09-01 20:28:42.0793,-2,19
"Q","BZTF21",1280,2020-09-01 20:28:42.3969,-2,17
"Q","BZTF21",1282,2020-09-01 20:28:42.3969,-2,8
"Q","BZTF21",1284,2020-09-01 20:28:42.3969,-2,5
"Q","BZTF21",1286,2020-09-01 20:28:42.4027,-2,5
"Q","BZTF21",1288,2020-09-01 20:28:42.4027,-2,5
"Q","BZTF21",1290,2020-09-01 20:28:42.4027,-2,5
"Q","BZTF21",1292,2020-09-01 20:28:42.4027,-2,5
"Q","BZTF21",1294,2020-09-01 20:28:42.4027,-2,5
"Q","BZTF21",1296,2020-09-01 20:28:42.5157,-2,5
"Q","BZTF21",1298,2020-09-01 20:28:42.5206,-2,5
"Q","BZTF21",1300,2020-09-01 20:28:42.5206,-2,5
"Q","BZTF21",1302,2020-09-01 20:28:42.5206,-2,5
"Q","BZTF21",1304,2020-09-01 20:28:42.5266,-2,7
"Q","BZTF21",1306,2020-09-01 20:28:42.681,-2,5
"Q","BZTF21",1308,2020-09-01 20:28:42.992,-2,5
"Q","BZTF21",1310,2020-09-01 20:28:43.2255,-2,5
"Q","BZTF21",1312,2020-09-01 20:28:43.2255,-2,82
"Q","BZTF21",1314,2020-09-01 20:28:43.2297,-2,102
"Q","BZTF21",1316,2020-09-01 20:28:43.2297,-2,105
"Q","BZTF21",1318,2020-09-01 20:28:43.2338,-2,38
"Q","BZTF21",1320,2020-09-01 20:28:43.2338,-2,18
"Q","BZTF21",1322,2020-09-01 20:28:43.2338,-2,15
"Q","BZTF21",1324,2020-09-01 20:28:43.3429,-2,27
"Q","BZTF21",1326,2020-09-01 20:28:43.376,-2,24
"Q","BZTF21",1328,2020-09-01 20:28:43.376,-2,21
"Q","BZTF21",1330,2020-09-01 20:28:43.4916,-2,18
"Q","BZTF21",1332,2020-09-01 20:28:43.5417,-2,11
"Q","BZTF21",1334,2020-09-01 20:28:43.5417,-2,5
"Q","BZTF21",1336,2020-09-01 20:28:43.5472,-2,5
"Q","BZTF21",1338,2020-09-01 20:28:43.5472,-2,5
"Q","BZTF21",1340,2020-09-01 20:28:43.6055,-2,5
"Q","BZTF21",1342,2020-09-01 20:28:43.6103,-2,5
"Q","BZTF21",1344,2020-09-01 20:28:43.6103,-2,7
"Q","BZTF21",1346,2020-09-01 20:28:43.6402,-2,5
"Q","BZTF21",1348,2020-09-01 20:28:43.7489,-2,7
"Q","BZTF21",1350,2020-09-01 20:28:43.9739,-2,13
"Q","BZTF21",1352,2020-09-01 20:28:44.098,-2,15
"Q","BZTF21",1354,2020-09-01 20:28:44.2176,-2,13
"Q","BZTF21",1356,2020-09-01 20:28:44.2176,-2,10
"Q","BZTF21",1358,2020-09-01 20:28:44.3915,-2,7
"Q","BZTF21",1360,2020-09-01 20:28:44.5356,-2,5
"Q","BZTF21",1362,2020-09-01 20:28:44.5356,-2,5
"Q","BZTF21",1364,2020-09-01 20:28:44.541,-2,5
"Q","BZTF21",1366,2020-09-01 20:28:44.5704,-2,5
"Q","BZTF21",1368,2020-09-01 20:28:44.5704,-2,5
"Q","BZTF21",1370,2020-09-01 20:28:44.6999,-2,5
"Q","BZTF21",1372,2020-09-01 20:28:44.7494,-2,5
"Q","BZTF21",1374,2020-09-01 20:28:44.7494,-2,5
"Q","BZTF21",1376,2020-09-01 20:28:44.7494,-2,5
"Q","BZTF21",1378,2020-09-01 20:28:44.755,-2,5
"Q","BZTF21",1380,2020-09-01 20:28:44.755,-2,5
"Q","BZTF21",1382,2020-09-01 20:28:44.755,-2,5
"Q","BZTF21",1384,2020-09-01 20:28:44.755,-2,5
"Q","BZTF21",1386,2020-09-01 20:28:44.7586,-2,5
"Q","BZTF21",1388,2020-09-01 20:28:44.7586,-2,5
"Q","BZTF21",1390,2020-09-01 20:28:44.7586,-2,5
"Q","BZTF21",1392,2020-09-01 20:28:44.7645,-2,5
"Q","BZTF21",1394,2020-09-01 20:28:44.7645,-2,5
"Q","BZTF21",1396,2020-09-01 20:28:44.7645,-2,5
"Q","BZTF21",1398,2020-09-01 20:28:44.7707,-2,5
"Q","BZTF21",1400,2020-09-01 20:28:44.7707,-2,5
"Q","BZTF21",1402,2020-09-01 20:28:44.7707,-2,5
"Q","BZTF21",1404,2020-09-01 20:28:44.7707,-2,5
"Q","BZTF21",1406,2020-09-01 20:28:44.7707,-2,5
"Q","BZTF21",1408,2020-09-01 20:28:44.7757,-2,5
"Q","BZTF21",1410,2020-09-01 20:28:44.7757,-2,5
"Q","BZTF21",1412,2020-09-01 20:28:44.7806,-2,5
"Q","BZTF21",1414,2020-09-01 20:28:44.7866,-2,5
"Q","BZTF21",1416,2020-09-01 20:28:44.7866,-2,5
"Q","BZTF21",1418,2020-09-01 20:28:44.7909,-2,5
"Q","BZTF21",1420,2020-09-01 20:28:44.7909,-2,5
"Q","BZTF21",1422,2020-09-01 20:28:44.7959,-2,5
"Q","BZTF21",1424,2020-09-01 20:28:44.8347,-2.25,5
"Q","BZTF21",1426,2020-09-01 20:28:44.8347,-2.5,5
"Q","BZTF21",1428,2020-09-01 20:28:44.8347,-2.75,13
"Q","BZTF21",1430,2020-09-01 20:28:44.8493,-2.75,10
"Q","BZTF21",1432,2020-09-01 20:28:44.8493,-2.75,5
"Q","BZTF21",1434,2020-09-01 20:28:44.8493,-3,112
"Q","BZTF21",1436,2020-09-01 20:28:44.8493,-3,117
"Q","BZTF21",1438,2020-09-01 20:28:44.8493,-3,117
"Q","BZTF21",1440,2020-09-01 20:28:44.8548,-3,117
"Q","BZTF21",1442,2020-09-01 20:28:44.8548,-3,117
"Q","BZTF21",1444,2020-09-01 20:28:44.8548,-3,114
"Q","BZTF21",1446,2020-09-01 20:28:44.8601,-3,114
"Q","BZTF21",1448,2020-09-01 20:28:44.8878,-3,114
"Q","BZTF21",1450,2020-09-01 20:28:44.8982,-3,93
"Q","BZTF21",1452,2020-09-01 20:28:44.8982,-3,88
"Q","BZTF21",1454,2020-09-01 20:28:44.9179,-3,77
"Q","BZTF21",1456,2020-09-01 20:28:44.9381,-3,58
"Q","BZTF21",1458,2020-09-01 20:28:45.0466,-3,55
"Q","BZTF21",1460,2020-09-01 20:28:45.4471,-3,52
"Q","BZTF21",1462,2020-09-01 20:28:45.5416,-3,49
"Q","BZTF21",1464,2020-09-01 20:28:45.5466,-3,47
"Q","BZTF21",1466,2020-09-01 20:28:45.5466,-3,41
"Q","BZTF21",1468,2020-09-01 20:28:45.6253,-3,44
"Q","BZTF21",1470,2020-09-01 20:28:45.719,-3,41
"Q","BZTF21",1472,2020-09-01 20:28:45.7253,-3,39
"Q","BZTF21",1474,2020-09-01 20:28:45.7367,-3,36
"Q","BZTF21",1476,2020-09-01 20:28:45.7367,-3,33
"Q","BZTF21",1478,2020-09-01 20:28:45.7635,-3,36
"Q","BZTF21",1480,2020-09-01 20:28:45.7635,-3,39
"Q","BZTF21",1482,2020-09-01 20:28:45.7635,-3,41
"Q","BZTF21",1484,2020-09-01 20:28:45.7689,-3,39
"Q","BZTF21",1486,2020-09-01 20:28:45.7689,-3,41
"Q","BZTF21",1488,2020-09-01 20:28:45.794,-3,39
"Q","BZTF21",1490,2020-09-01 20:28:45.794,-3,36
"Q","BZTF21",1492,2020-09-01 20:28:45.9866,-3,33
"Q","BZTF21",1494,2020-09-01 20:28:46.0001,-3,31
"Q","BZTF21",1496,2020-09-01 20:28:46.2876,-3,30
"Q","BZTF21",1498,2020-09-01 20:28:46.6223,-3,48
"Q","BZTF21",1500,2020-09-01 20:28:46.7253,-3,56
"Q","BZTF21",1502,2020-09-01 20:28:46.7812,-3,53
"Q","BZTF21",1504,2020-09-01 20:28:46.8176,-3,51
"Q","BZTF21",1506,2020-09-01 20:28:46.824,-3,48
"Q","BZTF21",1508,2020-09-01 20:28:46.8508,-3,51
"Q","BZTF21",1510,2020-09-01 20:28:46.9226,-3,53
"Q","BZTF21",1512,2020-09-01 20:28:46.9226,-3,51
"Q","BZTF21",1514,2020-09-01 20:28:46.9279,-3,53
"Q","BZTF21",1516,2020-09-01 20:28:46.9442,-3,63
"Q","BZTF21",1518,2020-09-01 20:28:46.9442,-3,68
"Q","BZTF21",1520,2020-09-01 20:28:46.9442,-3,71
"Q","BZTF21",1522,2020-09-01 20:28:46.9487,-3,74
"Q","BZTF21",1524,2020-09-01 20:28:46.9487,-3,76
"Q","BZTF21",1526,2020-09-01 20:28:46.9487,-3,79
"Q","BZTF21",1528,2020-09-01 20:28:46.9487,-3,86
"Q","BZTF21",1530,2020-09-01 20:28:46.9537,-3,91
"Q","BZTF21",1532,2020-09-01 20:28:46.9561,-3,102
"Q","BZTF21",1534,2020-09-01 20:28:46.9666,-3,99
"Q","BZTF21",1536,2020-09-01 20:28:46.9666,-3,101
"Q","BZTF21",1538,2020-09-01 20:28:46.9666,-3,106
"Q","BZTF21",1540,2020-09-01 20:28:46.9736,-3,103
"Q","BZTF21",1542,2020-09-01 20:28:46.9736,-2.75,2
"Q","BZTF21",1544,2020-09-01 20:28:46.9736,-2.75,89
"Q","BZTF21",1546,2020-09-01 20:28:46.9792,-2.75,87
"Q","BZTF21",1548,2020-09-01 20:28:46.9792,-2.75,15
"Q","BZTF21",1550,2020-09-01 20:28:46.9941,-2.75,12
"Q","BZTF21",1552,2020-09-01 20:28:46.9941,-2.75,10
"Q","BZTF21",1554,2020-09-01 20:28:47.4458,-2.75,7
"Q","BZTF21",1556,2020-09-01 20:28:47.4561,-3,5
"Q","BZTF21",1558,2020-09-01 20:28:47.48,-2.75,2
"Q","BZTF21",1560,2020-09-01 20:28:47.6909,-2,5
"Q","BZTF21",1562,2020-09-01 20:28:48.0991,-2.25,5
"Q","BZTF21",1564,2020-09-01 20:28:48.0991,-2.5,5
"Q","BZTF21",1566,2020-09-01 20:28:48.0991,-2.75,14
"Q","BZTF21",1568,2020-09-01 20:28:48.1042,-2.75,12
"Q","BZTF21",1570,2020-09-01 20:28:48.1104,-2.75,9
"Q","BZTF21",1572,2020-09-01 20:28:48.1141,-3,5
"Q","BZTF21",1574,2020-09-01 20:28:48.3573,-2.75,2
"Q","BZTF21",1576,2020-09-01 20:28:48.3573,-2.75,4
"Q","BZTF21",1578,2020-09-01 20:28:48.3573,-2.75,7
"Q","BZTF21",1580,2020-09-01 20:28:48.3573,-2.75,4
"Q","BZTF21",1582,2020-09-01 20:28:48.4882,-2.75,7
"Q","BZTF21",1584,2020-09-01 20:28:48.6503,-2.75,4
"Q","BZTF21",1586,2020-09-01 20:28:48.6612,-2.75,7
"Q","BZTF21",1588,2020-09-01 20:28:48.6612,-2.75,9
"Q","BZTF21",1590,2020-09-01 20:28:48.6612,-2.75,12
"Q","BZTF21",1592,2020-09-01 20:28:48.6612,-2.75,9
"Q","BZTF21",1594,2020-09-01 20:28:48.7577,-2.75,14
"Q","BZTF21",1596,2020-09-01 20:28:48.8172,-2.75,9
"Q","BZTF21",1598,2020-09-01 20:28:48.8328,-2.75,7
"Q","BZTF21",1600,2020-09-01 20:28:48.8741,-2.75,4
"Q","BZTF21",1602,2020-09-01 20:28:48.9264,-2.75,7
"Q","BZTF21",1604,2020-09-01 20:28:48.9477,-2.75,4
"Q","BZTF21",1606,2020-09-01 20:28:49.0986,-2.75,9
"Q","BZTF21",1608,2020-09-01 20:28:49.1272,-2.75,14
"Q","BZTF21",1610,2020-09-01 20:28:49.1494,-2.75,17
"Q","BZTF21",1612,2020-09-01 20:28:49.1868,-2.75,14
"Q","BZTF21",1614,2020-09-01 20:28:49.1868,-2.75,12
"Q","BZTF21",1616,2020-09-01 20:28:49.1868,-2.75,10
"Q","BZTF21",1618,2020-09-01 20:28:49.1868,-2.75,7
"Q","BZTF21",1620,2020-09-01 20:28:49.1868,-2.75,5
"Q","BZTF21",1622,2020-09-01 20:28:49.1868,-2.75,4
"Q","BZTF21",1624,2020-09-01 20:28:49.1868,-2.75,1
"Q","BZTF21",1626,2020-09-01 20:28:49.1868,-2.75,4
"Q","BZTF21",1628,2020-09-01 20:28:49.2409,-2.75,7
"Q","BZTF21",1630,2020-09-01 20:28:49.2409,-2.75,9
"Q","BZTF21",1632,2020-09-01 20:28:49.2462,-2.75,12
"Q","BZTF21",1634,2020-09-01 20:28:49.2462,-2.75,14
"Q","BZTF21",1636,2020-09-01 20:28:49.2462,-2.75,19
"Q","BZTF21",1638,2020-09-01 20:28:49.3487,-2.75,17
"Q","BZTF21",1640,2020-09-01 20:28:49.3538,-2.75,14
"Q","BZTF21",1642,2020-09-01 20:28:49.5218,-2.75,12
"Q","BZTF21",1644,2020-09-01 20:28:49.5218,-2.75,9
"Q","BZTF21",1646,2020-09-01 20:28:49.5218,-2.75,7
"Q","BZTF21",1648,2020-09-01 20:28:49.5218,-2.75,4
"Q","BZTF21",1650,2020-09-01 20:28:49.5276,-2.75,7
"Q","BZTF21",1652,2020-09-01 20:28:49.5276,-2.75,9
"Q","BZTF21",1654,2020-09-01 20:28:49.5276,-2.75,12
"Q","BZTF21",1656,2020-09-01 20:28:49.7621,-2.75,19
"Q","BZTF21",1658,2020-09-01 20:28:49.7621,-2.75,21
"Q","BZTF21",1660,2020-09-01 20:28:49.7621,-2.75,26
"Q","BZTF21",1662,2020-09-01 20:28:49.7621,-2.75,28
"Q","BZTF21",1664,2020-09-01 20:28:49.7621,-2.75,36
"Q","BZTF21",1666,2020-09-01 20:28:49.7621,-2.75,41
"Q","BZTF21",1668,2020-09-01 20:28:49.7621,-2.75,43
"Q","BZTF21",1670,2020-09-01 20:28:49.7682,-2.75,45
"Q","BZTF21",1672,2020-09-01 20:28:49.7682,-2.75,48
"Q","BZTF21",1674,2020-09-01 20:28:49.7682,-2.75,50
"Q","BZTF21",1676,2020-09-01 20:28:49.7682,-2.75,57
"Q","BZTF21",1678,2020-09-01 20:28:49.7682,-2.75,60
"Q","BZTF21",1680,2020-09-01 20:28:49.7682,-2.75,57
"Q","BZTF21",1682,2020-09-01 20:28:49.79,-2.75,50
"Q","BZTF21",1684,2020-09-01 20:28:49.79,-2.75,53
"Q","BZTF21",1686,2020-09-01 20:28:49.8318,-2.75,52
"Q","BZTF21",1688,2020-09-01 20:28:49.8516,-2.75,50
"Q","BZTF21",1690,2020-09-01 20:28:49.8615,-2.75,48
"Q","BZTF21",1692,2020-09-01 20:28:49.8615,-2.75,45
"Q","BZTF21",1694,2020-09-01 20:28:49.9929,-2.75,43
"Q","BZTF21",1696,2020-09-01 20:28:49.9929,-2.75,41
"Q","BZTF21",1698,2020-09-01 20:28:49.9929,-2.75,40
"Q","BZTF21",1700,2020-09-01 20:28:49.9929,-2.75,36
"Q","BZTF21",1702,2020-09-01 20:28:49.9929,-2.75,32
"Q","BZTF21",1704,2020-09-01 20:28:49.9929,-2.75,30
"Q","BZTF21",1706,2020-09-01 20:28:49.9929,-2.75,28
"Q","BZTF21",1708,2020-09-01 20:28:49.9929,-2.75,24
"Q","BZTF21",1710,2020-09-01 20:28:49.9929,-2.75,26
"Q","BZTF21",1712,2020-09-01 20:28:49.9998,-2.75,24
"Q","BZTF21",1714,2020-09-01 20:28:50.0222,-2.75,23
"Q","BZTF21",1716,2020-09-01 20:28:50.0222,-2.75,21
"Q","BZTF21",1718,2020-09-01 20:28:50.0222,-2.75,19
"Q","BZTF21",1720,2020-09-01 20:28:50.0222,-2,5
"Q","BZTF21",1722,2020-09-01 20:28:50.453,-2.25,5
"Q","BZTF21",1724,2020-09-01 20:28:50.453,-2.5,5
"Q","BZTF21",1726,2020-09-01 20:28:50.453,-2.75,19
"Q","BZTF21",1728,2020-09-01 20:28:50.521,-2.75,16
"Q","BZTF21",1730,2020-09-01 20:28:50.8922,-2.75,14
"Q","BZTF21",1732,2020-09-01 20:28:51.1986,-2.75,16
"Q","BZTF21",1734,2020-09-01 20:28:51.2314,-2.75,14
"Q","BZTF21",1736,2020-09-01 20:28:51.4529,-2.75,18
"Q","BZTF21",1738,2020-09-01 20:28:51.4529,-2.75,20
"Q","BZTF21",1740,2020-09-01 20:28:51.4529,-2.75,18
"Q","BZTF21",1742,2020-09-01 20:28:51.4529,-2.75,16
"Q","BZTF21",1744,2020-09-01 20:28:51.4529,-2.75,14
"Q","BZTF21",1746,2020-09-01 20:28:51.4529,-2.75,13
"Q","BZTF21",1748,2020-09-01 20:28:51.7803,-2.75,11
"Q","BZTF21",1750,2020-09-01 20:28:51.7803,-2.75,10
"Q","BZTF21",1752,2020-09-01 20:28:51.7803,-2.75,8
"Q","BZTF21",1754,2020-09-01 20:28:51.7803,-2.75,6
"Q","BZTF21",1756,2020-09-01 20:28:51.7803,-2.75,3
"Q","BZTF21",1758,2020-09-01 20:28:51.7803,-3,5
"Q","BZTF21",1760,2020-09-01 20:28:54.6521,-3,5
"Q","BZTF21",1762,2020-09-01 20:28:54.6562,-3,5
"Q","BZTF21",1764,2020-09-01 20:28:54.6562,-3,5
"Q","BZTF21",1766,2020-09-01 20:28:54.6562,-3,5
"Q","BZTF21",1768,2020-09-01 20:28:54.6562,-3,5
"Q","BZTF21",1770,2020-09-01 20:28:54.6562,-3,5
"Q","BZTF21",1772,2020-09-01 20:28:54.6562,-3,5
"Q","BZTF21",1774,2020-09-01 20:28:54.6562,-3,5
"Q","BZTF21",1776,2020-09-01 20:28:54.6604,-3,5
"Q","BZTF21",1778,2020-09-01 20:28:54.6604,-3,5
"Q","BZTF21",1780,2020-09-01 20:28:54.6604,-3,5
"Q","BZTF21",1782,2020-09-01 20:28:54.6604,-3,5
"Q","BZTF21",1784,2020-09-01 20:28:54.6604,-3,5
"Q","BZTF21",1786,2020-09-01 20:28:54.6641,-3,5
"Q","BZTF21",1788,2020-09-01 20:28:54.6704,-3,5
"Q","BZTF21",1790,2020-09-01 20:28:54.6704,-3,5
"Q","BZTF21",1792,2020-09-01 20:28:54.7448,-3,5
"Q","BZTF21",1794,2020-09-01 20:28:54.8688,-3,5
"Q","BZTF21",1796,2020-09-01 20:28:54.8688,-3,5
"Q","BZTF21",1798,2020-09-01 20:28:54.8688,-3,5
"Q","BZTF21",1800,2020-09-01 20:28:54.8688,-3,5
"Q","BZTF21",1802,2020-09-01 20:28:55.1058,-3,5
"Q","BZTF21",1804,2020-09-01 20:28:55.1058,-3,5
"Q","BZTF21",1806,2020-09-01 20:28:55.1058,-3,5
"Q","BZTF21",1808,2020-09-01 20:28:55.1058,-3,5
"Q","BZTF21",1810,2020-09-01 20:28:55.1058,-3,5
"Q","BZTF21",1812,2020-09-01 20:28:55.1129,-3,5
"Q","BZTF21",1814,2020-09-01 20:28:55.1129,-3,5
"Q","BZTF21",1816,2020-09-01 20:28:55.1129,-3,5
"Q","BZTF21",1818,2020-09-01 20:28:55.3339,-3,5
"Q","BZTF21",1820,2020-09-01 20:28:55.3752,-3,5
"Q","BZTF21",1822,2020-09-01 20:28:55.3752,-3,5
"Q","BZTF21",1824,2020-09-01 20:28:56.6997,-3,5
"Q","BZTF21",1826,2020-09-01 20:28:56.6997,-3,5
"Q","BZTF21",1828,2020-09-01 20:28:56.6997,-3,5
"Q","BZTF21",1830,2020-09-01 20:28:56.7106,-3,5
"Q","BZTF21",1832,2020-09-01 20:28:56.7195,-3,5
"Q","BZTF21",1834,2020-09-01 20:28:56.7195,-3,5
"Q","BZTF21",1836,2020-09-01 20:28:56.9645,-3,5
"Q","BZTF21",1838,2020-09-01 20:28:57.0582,-3,5
"Q","BZTF21",1840,2020-09-01 20:28:57.1869,-3,5
"Q","BZTF21",1842,2020-09-01 20:28:57.1869,-3,5
"Q","BZTF21",1844,2020-09-01 20:28:57.9576,-3,5
"Q","BZTF21",1846,2020-09-01 20:28:58.1233,-3,5
"Q","BZTF21",1848,2020-09-01 20:28:58.1233,-3,5
"Q","BZTF21",1850,2020-09-01 20:28:58.1233,-3,5
"Q","BZTF21",1852,2020-09-01 20:28:58.1283,-3,5
"Q","BZTF21",1854,2020-09-01 20:28:58.1283,-3,5
"Q","BZTF21",1856,2020-09-01 20:28:58.1283,-3,5
"Q","BZTF21",1858,2020-09-01 20:28:58.1336,-3,5
"Q","BZTF21",1860,2020-09-01 20:28:58.1336,-3,5
"Q","BZTF21",1862,2020-09-01 20:28:58.1336,-3,5
"Q","BZTF21",1864,2020-09-01 20:28:58.15,-3,5
"Q","BZTF21",1866,2020-09-01 20:28:58.15,-3,5
"Q","BZTF21",1868,2020-09-01 20:28:58.15,-3,5
"Q","BZTF21",1870,2020-09-01 20:28:58.2075,-3,5
"Q","BZTF21",1872,2020-09-01 20:28:58.2301,-3,5
"Q","BZTF21",1874,2020-09-01 20:28:58.2301,-3,5
"Q","BZTF21",1876,2020-09-01 20:28:58.2301,-3,5
"Q","BZTF21",1878,2020-09-01 20:28:58.2407,-3,5
"Q","BZTF21",1880,2020-09-01 20:28:58.2407,-3,5
"Q","BZTF21",1882,2020-09-01 20:28:59.127,-3,5
"Q","BZTF21",1884,2020-09-01 20:28:59.1334,-3,5
"Q","BZTF21",1886,2020-09-01 20:28:59.1334,-3,5
"Q","BZTF21",1888,2020-09-01 20:28:59.1379,-3,5
"Q","BZTF21",1890,2020-09-01 20:28:59.1429,-3,5
"Q","BZTF21",1892,2020-09-01 20:28:59.1484,-3,5
"Q","BZTF21",1894,2020-09-01 20:28:59.1484,-3,5
"Q","BZTF21",1896,2020-09-01 20:28:59.1484,-3,5
"Q","BZTF21",1898,2020-09-01 20:28:59.169,-3,5
"Q","BZTF21",1900,2020-09-01 20:28:59.1744,-3,5
"Q","BZTF21",1902,2020-09-01 20:28:59.2125,-3,5
"Q","BZTF21",1904,2020-09-01 20:28:59.5356,-3,5
"Q","BZTF21",1906,2020-09-01 20:28:59.5356,-3,5
"Q","BZTF21",1908,2020-09-01 20:28:59.5356,-3,5
"Q","BZTF21",1910,2020-09-01 20:28:59.5423,-3,5
"Q","BZTF21",1912,2020-09-01 20:28:59.5423,-3,5
"Q","BZTF21",1914,2020-09-01 20:28:59.5423,-3,5
"Q","BZTF21",1916,2020-09-01 20:28:59.5423,-3,5
"Q","BZTF21",1918,2020-09-01 20:28:59.5673,-3,5
"Q","BZTF21",1920,2020-09-01 20:28:59.5673,-3,5
"Q","BZTF21",1922,2020-09-01 20:28:59.5885,-3,5
"Q","BZTF21",1924,2020-09-01 20:28:59.594,-3,5
"Q","BZTF21",1926,2020-09-01 20:28:59.594,-3,5
"Q","BZTF21",1928,2020-09-01 20:28:59.594,-3,5
"Q","BZTF21",1930,2020-09-01 20:28:59.594,-3,5
"Q","BZTF21",1932,2020-09-01 20:28:59.594,-3,5
"Q","BZTF21",1934,2020-09-01 20:28:59.594,-3,5
"Q","BZTF21",1936,2020-09-01 20:28:59.594,-3,5
"Q","BZTF21",1938,2020-09-01 20:28:59.6025,-3,5
"Q","BZTF21",1940,2020-09-01 20:28:59.6025,-3,5
"Q","BZTF21",1942,2020-09-01 20:28:59.6144,-3,5
"Q","BZTF21",1944,2020-09-01 20:28:59.7115,-3,5
"Q","BZTF21",1946,2020-09-01 20:28:59.7115,-3,5
"Q","BZTF21",1948,2020-09-01 20:28:59.7115,-3,5
"Q","BZTF21",1950,2020-09-01 20:28:59.7115,-3,5
"Q","BZTF21",1952,2020-09-01 20:28:59.7115,-3,5
"Q","BZTF21",1954,2020-09-01 20:28:59.7115,-3,5
"Q","BZTF21",1956,2020-09-01 20:28:59.7115,-3,5
"Q","BZTF21",1958,2020-09-01 20:29:00.0045,-3,5
"Q","BZTF21",1960,2020-09-01 20:29:00.0045,-3,5
"Q","BZTF21",1962,2020-09-01 20:29:00.0092,-3,5
"Q","BZTF21",1964,2020-09-01 20:29:00.0092,-3,5
"Q","BZTF21",1966,2020-09-01 20:29:00.0092,-3,5
"Q","BZTF21",1968,2020-09-01 20:29:00.0092,-3,5
"Q","BZTF21",1970,2020-09-01 20:29:00.0092,-3,5
"Q","BZTF21",1972,2020-09-01 20:29:00.0352,-3,5
"Q","BZTF21",1974,2020-09-01 20:29:00.0352,-3,5
"Q","BZTF21",1976,2020-09-01 20:29:00.0352,-3,5
"Q","BZTF21",1978,2020-09-01 20:29:00.0352,-3,5
"Q","BZTF21",1980,2020-09-01 20:29:00.0508,-3,5
"Q","BZTF21",1982,2020-09-01 20:29:00.2257,-3,5
"Q","BZTF21",1984,2020-09-01 20:29:00.2257,-3,5
"Q","BZTF21",1986,2020-09-01 20:29:00.2784,-3,5
"Q","BZTF21",1988,2020-09-01 20:29:00.2834,-3,5
"Q","BZTF21",1990,2020-09-01 20:29:00.2886,-3,5
"Q","BZTF21",1992,2020-09-01 20:29:00.2886,-3,5
"Q","BZTF21",1994,2020-09-01 20:29:00.2886,-3,5
"Q","BZTF21",1996,2020-09-01 20:29:00.3424,-3,5
"Q","BZTF21",1998,2020-09-01 20:29:00.3424,-3,5
"Q","BZTF21",2000,2020-09-01 20:29:00.4576,-3,5
"Q","BZTF21",2002,2020-09-01 20:29:00.4576,-3,5
"Q","BZTF21",2004,2020-09-01 20:29:00.4576,-3,5
"Q","BZTF21",2006,2020-09-01 20:29:00.4895,-3,5
"Q","BZTF21",2008,2020-09-01 20:29:00.7378,-3,5
"Q","BZTF21",2010,2020-09-01 20:29:00.7442,-3,5
"Q","BZTF21",2012,2020-09-01 20:29:00.9076,-3,5
"Q","BZTF21",2014,2020-09-01 20:29:00.9189,-3,5
"Q","BZTF21",2016,2020-09-01 20:29:00.9189,-3,5
"Q","BZTF21",2018,2020-09-01 20:29:00.9189,-3,5
"Q","BZTF21",2020,2020-09-01 20:29:00.9189,-3,5
"Q","BZTF21",2022,2020-09-01 20:29:00.9189,-3,5
"Q","BZTF21",2024,2020-09-01 20:29:00.924,-3,5
"Q","BZTF21",2026,2020-09-01 20:29:00.924,-3,5
"Q","BZTF21",2028,2020-09-01 20:29:00.924,-3,5
"Q","BZTF21",2030,2020-09-01 20:29:00.924,-3,5
"Q","BZTF21",2032,2020-09-01 20:29:00.924,-3,5
"Q","BZTF21",2034,2020-09-01 20:29:00.9713,-3,5
"Q","BZTF21",2036,2020-09-01 20:29:00.975,-3,5
"Q","BZTF21",2038,2020-09-01 20:29:00.975,-3,5
"Q","BZTF21",2040,2020-09-01 20:29:00.975,-3,5
"Q","BZTF21",2042,2020-09-01 20:29:01.1641,-3,5
"Q","BZTF21",2044,2020-09-01 20:29:01.2137,-3,5
"Q","BZTF21",2046,2020-09-01 20:29:01.2137,-3,5
"Q","BZTF21",2048,2020-09-01 20:29:01.2177,-3,5
"Q","BZTF21",2050,2020-09-01 20:29:01.5222,-3,5
"Q","BZTF21",2052,2020-09-01 20:29:01.5854,-3,5
"Q","BZTF21",2054,2020-09-01 20:29:02.0083,-3,5
"Q","BZTF21",2056,2020-09-01 20:29:02.0083,-3,5
"Q","BZTF21",2058,2020-09-01 20:29:02.0083,-3,5
"Q","BZTF21",2060,2020-09-01 20:29:02.0416,-3,5
"Q","BZTF21",2062,2020-09-01 20:29:02.0416,-3,5
"Q","BZTF21",2064,2020-09-01 20:29:02.0416,-3,5
"Q","BZTF21",2066,2020-09-01 20:29:02.0443,-3,5
"Q","BZTF21",2068,2020-09-01 20:29:02.0493,-3,5
"Q","BZTF21",2070,2020-09-01 20:29:02.0493,-3,5
"Q","BZTF21",2072,2020-09-01 20:29:02.0533,-3,5
"Q","BZTF21",2074,2020-09-01 20:29:02.0533,-3,5
"Q","BZTF21",2076,2020-09-01 20:29:02.0533,-3,5
"Q","BZTF21",2078,2020-09-01 20:29:02.0533,-3,5
"Q","BZTF21",2080,2020-09-01 20:29:02.0763,-3,5
"Q","BZTF21",2082,2020-09-01 20:29:02.0763,-3,5
"Q","BZTF21",2084,2020-09-01 20:29:02.0763,-3,5
"Q","BZTF21",2086,2020-09-01 20:29:02.0763,-3,5
"Q","BZTF21",2088,2020-09-01 20:29:02.0763,-3,5
"Q","BZTF21",2090,2020-09-01 20:29:02.0763,-3,5
"Q","BZTF21",2092,2020-09-01 20:29:02.1115,-3,5
"Q","BZTF21",2094,2020-09-01 20:29:02.1115,-3,5
"Q","BZTF21",2096,2020-09-01 20:29:02.1115,-3,5
"Q","BZTF21",2098,2020-09-01 20:29:02.3032,-3,5
"Q","BZTF21",2100,2020-09-01 20:29:02.3281,-3,5
"Q","BZTF21",2102,2020-09-01 20:29:02.3281,-3,5
"Q","BZTF21",2104,2020-09-01 20:29:02.3616,-3,5
"Q","BZTF21",2106,2020-09-01 20:29:02.3926,-3,5
"Q","BZTF21",2108,2020-09-01 20:29:02.4376,-3,5
"Q","BZTF21",2110,2020-09-01 20:29:02.5646,-3,5
"Q","BZTF21",2112,2020-09-01 20:29:02.5756,-3,5
"Q","BZTF21",2114,2020-09-01 20:29:02.5813,-3,5
"Q","BZTF21",2116,2020-09-01 20:29:02.6288,-3,5
"Q","BZTF21",2118,2020-09-01 20:29:02.7197,-3,5
"Q","BZTF21",2120,2020-09-01 20:29:02.7263,-3,5
"Q","BZTF21",2122,2020-09-01 20:29:02.8788,-3,5
"Q","BZTF21",2124,2020-09-01 20:29:02.9347,-3,5
"Q","BZTF21",2126,2020-09-01 20:29:02.9347,-3,5
"Q","BZTF21",2128,2020-09-01 20:29:02.9347,-3,5
"Q","BZTF21",2130,2020-09-01 20:29:02.9347,-3,5
"Q","BZTF21",2132,2020-09-01 20:29:02.9403,-3,5
"Q","BZTF21",2134,2020-09-01 20:29:02.9403,-3,5
"Q","BZTF21",2136,2020-09-01 20:29:02.9403,-3,5
"Q","BZTF21",2138,2020-09-01 20:29:02.9403,-3,5
"Q","BZTF21",2140,2020-09-01 20:29:02.9403,-3,5
"Q","BZTF21",2142,2020-09-01 20:29:02.9403,-3,5
"Q","BZTF21",2144,2020-09-01 20:29:02.9403,-3,5
"Q","BZTF21",2146,2020-09-01 20:29:02.9403,-3,5
"Q","BZTF21",2148,2020-09-01 20:29:02.9403,-3,5
"Q","BZTF21",2150,2020-09-01 20:29:02.9403,-3,5
"Q","BZTF21",2152,2020-09-01 20:29:03.2312,-3,5
"Q","BZTF21",2154,2020-09-01 20:29:03.4224,-3,5
"Q","BZTF21",2156,2020-09-01 20:29:03.4401,-3,5
"Q","BZTF21",2158,2020-09-01 20:29:03.4579,-3,5
"Q","BZTF21",2160,2020-09-01 20:29:03.4579,-3,5
"Q","BZTF21",2162,2020-09-01 20:29:03.4579,-3,5
"Q","BZTF21",2164,2020-09-01 20:29:03.4579,-3,5
"Q","BZTF21",2166,2020-09-01 20:29:03.4579,-3,5
"Q","BZTF21",2168,2020-09-01 20:29:03.4579,-3,5
"Q","BZTF21",2170,2020-09-01 20:29:03.4711,-3,5
"Q","BZTF21",2172,2020-09-01 20:29:03.4711,-3,5
"Q","BZTF21",2174,2020-09-01 20:29:03.481,-3,5
"Q","BZTF21",2176,2020-09-01 20:29:03.4922,-3,5
"Q","BZTF21",2178,2020-09-01 20:29:03.5695,-3,5
"Q","BZTF21",2180,2020-09-01 20:29:03.5695,-3,5
"Q","BZTF21",2182,2020-09-01 20:29:03.5695,-3,5
"Q","BZTF21",2184,2020-09-01 20:29:03.5695,-3,5
"Q","BZTF21",2186,2020-09-01 20:29:03.5749,-3,5
"Q","BZTF21",2188,2020-09-01 20:29:03.5792,-3,5
"Q","BZTF21",2190,2020-09-01 20:29:03.7177,-3,5
"Q","BZTF21",2192,2020-09-01 20:29:03.7372,-3,5
"Q","BZTF21",2194,2020-09-01 20:29:03.7435,-3,5
"Q","BZTF21",2196,2020-09-01 20:29:03.7435,-3,5
"Q","BZTF21",2198,2020-09-01 20:29:03.7435,-3,5
"Q","BZTF21",2200,2020-09-01 20:29:03.7435,-3,5
"Q","BZTF21",2202,2020-09-01 20:29:03.7435,-3,5
"Q","BZTF21",2204,2020-09-01 20:29:03.7435,-3,5
"Q","BZTF21",2206,2020-09-01 20:29:03.812,-3,5
"Q","BZTF21",2208,2020-09-01 20:29:03.8176,-3,5
"Q","BZTF21",2210,2020-09-01 20:29:03.8176,-3,5
"Q","BZTF21",2212,2020-09-01 20:29:03.8571,-3,5
"Q","BZTF21",2214,2020-09-01 20:29:03.8712,-3,5
"Q","BZTF21",2216,2020-09-01 20:29:03.959,-3,5
"Q","BZTF21",2218,2020-09-01 20:29:03.9691,-3,5
"Q","BZTF21",2220,2020-09-01 20:29:03.987,-3,5
"Q","BZTF21",2222,2020-09-01 20:29:04.0832,-3,5
"Q","BZTF21",2224,2020-09-01 20:29:04.1562,-3,5
"Q","BZTF21",2226,2020-09-01 20:29:04.6191,-3,5
"Q","BZTF21",2228,2020-09-01 20:29:04.63,-3,5
"Q","BZTF21",2230,2020-09-01 20:29:04.8277,-3,5
"Q","BZTF21",2232,2020-09-01 20:29:04.8277,-3,5
"Q","BZTF21",2234,2020-09-01 20:29:04.8277,-3,5
"Q","BZTF21",2236,2020-09-01 20:29:04.8277,-3,5
"Q","BZTF21",2238,2020-09-01 20:29:04.8277,-3,5
"Q","BZTF21",2240,2020-09-01 20:29:04.8277,-3,5
"Q","BZTF21",2242,2020-09-01 20:29:04.8277,-3,5
"Q","BZTF21",2244,2020-09-01 20:29:04.8277,-3,5
"Q","BZTF21",2246,2020-09-01 20:29:04.8277,-3,5
"Q","BZTF21",2248,2020-09-01 20:29:04.8277,-3,5
"Q","BZTF21",2250,2020-09-01 20:29:04.8277,-3,5
"Q","BZTF21",2252,2020-09-01 20:29:04.8277,-3,5
"Q","BZTF21",2254,2020-09-01 20:29:04.8332,-3,5
"Q","BZTF21",2256,2020-09-01 20:29:04.8332,-3,5
"Q","BZTF21",2258,2020-09-01 20:29:04.8332,-3,5
"Q","BZTF21",2260,2020-09-01 20:29:04.8368,-3,5
"Q","BZTF21",2262,2020-09-01 20:29:04.8368,-3,5
"Q","BZTF21",2264,2020-09-01 20:29:04.8368,-3,5
"Q","BZTF21",2266,2020-09-01 20:29:04.8421,-3,5
"Q","BZTF21",2268,2020-09-01 20:29:04.8421,-3,5
"Q","BZTF21",2270,2020-09-01 20:29:04.8421,-3,5
"Q","BZTF21",2272,2020-09-01 20:29:04.8421,-3,5
"Q","BZTF21",2274,2020-09-01 20:29:04.8421,-3,5
"Q","BZTF21",2276,2020-09-01 20:29:04.8421,-3,5
"Q","BZTF21",2278,2020-09-01 20:29:04.8421,-3,5
"Q","BZTF21",2280,2020-09-01 20:29:04.8421,-3,5
"Q","BZTF21",2282,2020-09-01 20:29:04.8421,-3,5
"Q","BZTF21",2284,2020-09-01 20:29:04.8474,-3,5
"Q","BZTF21",2286,2020-09-01 20:29:04.853,-3,5
"Q","BZTF21",2288,2020-09-01 20:29:04.853,-3,5
"Q","BZTF21",2290,2020-09-01 20:29:04.853,-3,5
"Q","BZTF21",2292,2020-09-01 20:29:04.853,-3,5
"Q","BZTF21",2294,2020-09-01 20:29:04.8585,-3,5
"Q","BZTF21",2296,2020-09-01 20:29:04.8718,-3,5
"Q","BZTF21",2298,2020-09-01 20:29:04.8718,-3,5
"Q","BZTF21",2300,2020-09-01 20:29:04.9576,-3,5
"Q","BZTF21",2302,2020-09-01 20:29:04.9783,-3,5
"Q","BZTF21",2304,2020-09-01 20:29:05.2483,-3,5
"Q","BZTF21",2306,2020-09-01 20:29:05.3248,-3,5
"Q","BZTF21",2308,2020-09-01 20:29:05.3248,-3,5
"Q","BZTF21",2310,2020-09-01 20:29:05.329,-3,5
"Q","BZTF21",2312,2020-09-01 20:29:05.329,-3,5
"Q","BZTF21",2314,2020-09-01 20:29:05.329,-3,5
"Q","BZTF21",2316,2020-09-01 20:29:05.329,-3,5
"Q","BZTF21",2318,2020-09-01 20:29:05.329,-3,5
"Q","BZTF21",2320,2020-09-01 20:29:05.329,-3,5
"Q","BZTF21",2322,2020-09-01 20:29:05.3324,-3,5
"Q","BZTF21",2324,2020-09-01 20:29:05.3324,-3,5
"Q","BZTF21",2326,2020-09-01 20:29:05.6768,-3,5
"Q","BZTF21",2328,2020-09-01 20:29:05.8243,-3,5
"Q","BZTF21",2330,2020-09-01 20:29:05.8243,-3,5
"Q","BZTF21",2332,2020-09-01 20:29:05.8465,-3,5
"Q","BZTF21",2334,2020-09-01 20:29:05.8465,-3,5
"Q","BZTF21",2336,2020-09-01 20:29:05.8738,-3,5
"Q","BZTF21",2338,2020-09-01 20:29:06.0856,-3,5
"Q","BZTF21",2340,2020-09-01 20:29:06.0856,-3,5
"Q","BZTF21",2342,2020-09-01 20:29:06.0856,-3,5
"Q","BZTF21",2344,2020-09-01 20:29:06.0911,-3,5
"Q","BZTF21",2346,2020-09-01 20:29:06.0911,-3,5
"Q","BZTF21",2348,2020-09-01 20:29:06.0911,-3,5
"Q","BZTF21",2350,2020-09-01 20:29:06.0965,-3,5
"Q","BZTF21",2352,2020-09-01 20:29:06.0965,-3,5
"Q","BZTF21",2354,2020-09-01 20:29:06.0965,-3,5
"Q","BZTF21",2356,2020-09-01 20:29:06.0965,-3,5
"Q","BZTF21",2358,2020-09-01 20:29:06.1007,-3,5
"Q","BZTF21",2360,2020-09-01 20:29:06.1111,-3,5
"Q","BZTF21",2362,2020-09-01 20:29:06.1216,-3,5
"Q","BZTF21",2364,2020-09-01 20:29:06.1216,-3,5
"Q","BZTF21",2366,2020-09-01 20:29:06.1543,-3,5
"Q","BZTF21",2368,2020-09-01 20:29:06.1962,-3,5
"Q","BZTF21",2370,2020-09-01 20:29:06.2441,-3,5
"Q","BZTF21",2372,2020-09-01 20:29:06.3348,-3,5
"Q","BZTF21",2374,2020-09-01 20:29:06.3732,-3,5
"Q","BZTF21",2376,2020-09-01 20:29:06.3732,-3,5
"Q","BZTF21",2378,2020-09-01 20:29:06.3732,-3,5
"Q","BZTF21",2380,2020-09-01 20:29:06.3732,-3,5
"Q","BZTF21",2382,2020-09-01 20:29:06.3732,-3,5
"Q","BZTF21",2384,2020-09-01 20:29:06.3732,-3,5
"Q","BZTF21",2386,2020-09-01 20:29:06.3952,-3,5
"Q","BZTF21",2388,2020-09-01 20:29:06.4007,-3,5
"Q","BZTF21",2390,2020-09-01 20:29:06.4062,-3,5
"Q","BZTF21",2392,2020-09-01 20:29:06.4062,-3,5
"Q","BZTF21",2394,2020-09-01 20:29:06.4062,-3,5
"Q","BZTF21",2396,2020-09-01 20:29:06.4062,-3,5
"Q","BZTF21",2398,2020-09-01 20:29:06.4062,-3,5
"Q","BZTF21",2400,2020-09-01 20:29:06.4062,-3,5
"Q","BZTF21",2402,2020-09-01 20:29:06.4062,-3,5
"Q","BZTF21",2404,2020-09-01 20:29:06.4128,-3,5
"Q","BZTF21",2406,2020-09-01 20:29:06.4128,-3,5
"Q","BZTF21",2408,2020-09-01 20:29:06.4128,-3,5
"Q","BZTF21",2410,2020-09-01 20:29:06.8439,-3,5
"Q","BZTF21",2412,2020-09-01 20:29:06.8602,-3,5
"Q","BZTF21",2414,2020-09-01 20:29:06.9971,-3,5
"Q","BZTF21",2416,2020-09-01 20:29:07.0035,-3,5
"Q","BZTF21",2418,2020-09-01 20:29:07.0797,-3,5
"Q","BZTF21",2420,2020-09-01 20:29:07.0888,-3,5
"Q","BZTF21",2422,2020-09-01 20:29:07.5568,-3,5
"Q","BZTF21",2424,2020-09-01 20:29:07.5568,-3,5
"Q","BZTF21",2426,2020-09-01 20:29:07.5568,-3,5
"Q","BZTF21",2428,2020-09-01 20:29:07.5901,-3,5
"Q","BZTF21",2430,2020-09-01 20:29:07.597,-3,5
"Q","BZTF21",2432,2020-09-01 20:29:07.7014,-3,5
"Q","BZTF21",2434,2020-09-01 20:29:07.9483,-3,5
"Q","BZTF21",2436,2020-09-01 20:29:07.9483,-3,5
"Q","BZTF21",2438,2020-09-01 20:29:07.9483,-3,5
"Q","BZTF21",2440,2020-09-01 20:29:07.9555,-3,5
"Q","BZTF21",2442,2020-09-01 20:29:07.9555,-3,5
"Q","BZTF21",2444,2020-09-01 20:29:07.9555,-3,5
"Q","BZTF21",2446,2020-09-01 20:29:07.9555,-3,5
"Q","BZTF21",2448,2020-09-01 20:29:07.9555,-3,5
"Q","BZTF21",2450,2020-09-01 20:29:07.9555,-3,5
"Q","BZTF21",2452,2020-09-01 20:29:07.9555,-3,5
"Q","BZTF21",2454,2020-09-01 20:29:08.0355,-3,5
"Q","BZTF21",2456,2020-09-01 20:29:08.047,-3,5
"Q","BZTF21",2458,2020-09-01 20:29:08.0535,-3,5
"Q","BZTF21",2460,2020-09-01 20:29:08.0586,-3,5
"Q","BZTF21",2462,2020-09-01 20:29:08.0586,-3,5
"Q","BZTF21",2464,2020-09-01 20:29:08.0586,-3,5
"Q","BZTF21",2466,2020-09-01 20:29:08.0802,-3,5
"Q","BZTF21",2468,2020-09-01 20:29:08.0802,-3,5
"Q","BZTF21",2470,2020-09-01 20:29:08.0923,-3,5
"Q","BZTF21",2472,2020-09-01 20:29:08.0923,-3,5
"Q","BZTF21",2474,2020-09-01 20:29:08.0979,-3,5
"Q","BZTF21",2476,2020-09-01 20:29:08.0979,-3,5
"Q","BZTF21",2478,2020-09-01 20:29:08.0979,-3,5
"Q","BZTF21",2480,2020-09-01 20:29:08.0979,-3,5
"Q","BZTF21",2482,2020-09-01 20:29:08.1063,-3,5
"Q","BZTF21",2484,2020-09-01 20:29:08.1063,-3,5
"Q","BZTF21",2486,2020-09-01 20:29:08.1063,-3,5
"Q","BZTF21",2488,2020-09-01 20:29:08.1063,-3,5
"Q","BZTF21",2490,2020-09-01 20:29:08.1063,-3,5
"Q","BZTF21",2492,2020-09-01 20:29:08.1063,-3,5
"Q","BZTF21",2494,2020-09-01 20:29:08.1063,-3,5
"Q","BZTF21",2496,2020-09-01 20:29:08.1228,-3,5
"Q","BZTF21",2498,2020-09-01 20:29:08.1284,-3,5
"Q","BZTF21",2500,2020-09-01 20:29:08.1284,-3,5
"Q","BZTF21",2502,2020-09-01 20:29:08.1284,-3,5
"Q","BZTF21",2504,2020-09-01 20:29:08.1284,-3,5
"Q","BZTF21",2506,2020-09-01 20:29:08.1284,-3,5
"Q","BZTF21",2508,2020-09-01 20:29:08.1398,-3,5
"Q","BZTF21",2510,2020-09-01 20:29:08.1398,-3,5
"Q","BZTF21",2512,2020-09-01 20:29:08.1463,-3,5
"Q","BZTF21",2514,2020-09-01 20:29:08.1517,-3,5
"Q","BZTF21",2516,2020-09-01 20:29:08.1517,-3,5
"Q","BZTF21",2518,2020-09-01 20:29:08.5582,-3,5
"Q","BZTF21",2520,2020-09-01 20:29:08.5667,-3,5
"Q","BZTF21",2522,2020-09-01 20:29:08.5667,-3,5
"Q","BZTF21",2524,2020-09-01 20:29:08.5841,-3,5
"Q","BZTF21",2526,2020-09-01 20:29:08.5841,-3,5
"Q","BZTF21",2528,2020-09-01 20:29:08.6103,-3,5
"Q","BZTF21",2530,2020-09-01 20:29:08.6154,-3,5
"Q","BZTF21",2532,2020-09-01 20:29:08.6154,-3,5
"Q","BZTF21",2534,2020-09-01 20:29:08.6278,-3,5
"Q","BZTF21",2536,2020-09-01 20:29:08.9993,-3,5
"Q","BZTF21",2538,2020-09-01 20:29:08.9993,-3,5
"Q","BZTF21",2540,2020-09-01 20:29:08.9993,-3,5
"Q","BZTF21",2542,2020-09-01 20:29:09.0145,-3,5
"Q","BZTF21",2544,2020-09-01 20:29:09.0145,-3,5
"Q","BZTF21",2546,2020-09-01 20:29:09.0762,-3,5
"Q","BZTF21",2548,2020-09-01 20:29:09.0908,-3,5
"Q","BZTF21",2550,2020-09-01 20:29:09.0908,-3,5
"Q","BZTF21",2552,2020-09-01 20:29:09.1906,-3,5
"Q","BZTF21",2554,2020-09-01 20:29:09.3821,-3,5
"Q","BZTF21",2556,2020-09-01 20:29:09.3821,-3,5
"Q","BZTF21",2558,2020-09-01 20:29:09.3821,-3,5
"Q","BZTF21",2560,2020-09-01 20:29:09.3993,-3,5
"Q","BZTF21",2562,2020-09-01 20:29:09.4635,-3,5
"Q","BZTF21",2564,2020-09-01 20:29:09.5176,-3,5
"Q","BZTF21",2566,2020-09-01 20:29:09.5237,-3,5
"Q","BZTF21",2568,2020-09-01 20:29:09.5237,-3,5
"Q","BZTF21",2570,2020-09-01 20:29:09.6737,-3,5
"Q","BZTF21",2572,2020-09-01 20:29:09.8093,-3,5
"Q","BZTF21",2574,2020-09-01 20:29:09.8093,-3,5
"Q","BZTF21",2576,2020-09-01 20:29:09.8845,-3,5
"Q","BZTF21",2578,2020-09-01 20:29:09.8845,-3,5
"Q","BZTF21",2580,2020-09-01 20:29:09.8876,-3,5
"Q","BZTF21",2582,2020-09-01 20:29:09.8876,-3,5
"Q","BZTF21",2584,2020-09-01 20:29:09.8876,-3,5
"Q","BZTF21",2586,2020-09-01 20:29:09.8876,-3,5
"Q","BZTF21",2588,2020-09-01 20:29:09.8876,-3,5
"Q","BZTF21",2590,2020-09-01 20:29:09.8876,-3,5
"Q","BZTF21",2592,2020-09-01 20:29:09.8876,-3,5
"Q","BZTF21",2594,2020-09-01 20:29:09.8876,-3,5
"Q","BZTF21",2596,2020-09-01 20:29:09.8876,-3,5
"Q","BZTF21",2598,2020-09-01 20:29:09.8876,-3,5
"Q","BZTF21",2600,2020-09-01 20:29:09.8876,-3,5
"Q","BZTF21",2602,2020-09-01 20:29:09.8876,-3,5
"Q","BZTF21",2604,2020-09-01 20:29:09.8876,-3,5
"Q","BZTF21",2606,2020-09-01 20:29:09.8876,-3,5
"Q","BZTF21",2608,2020-09-01 20:29:09.8943,-3,5
"Q","BZTF21",2610,2020-09-01 20:29:09.8943,-3,5
"Q","BZTF21",2612,2020-09-01 20:29:09.8943,-3,5
"Q","BZTF21",2614,2020-09-01 20:29:09.8943,-3,5
"Q","BZTF21",2616,2020-09-01 20:29:09.8943,-3,5
"Q","BZTF21",2618,2020-09-01 20:29:09.8943,-3,5
"Q","BZTF21",2620,2020-09-01 20:29:09.8943,-3,5
"Q","BZTF21",2622,2020-09-01 20:29:09.8943,-3,5
"Q","BZTF21",2624,2020-09-01 20:29:09.9074,-3,5
"Q","BZTF21",2626,2020-09-01 20:29:09.9951,-3,5
"Q","BZTF21",2628,2020-09-01 20:29:10.0819,-3,5
"Q","BZTF21",2630,2020-09-01 20:29:10.0879,-3,5
"Q","BZTF21",2632,2020-09-01 20:29:10.1819,-3,5
"Q","BZTF21",2634,2020-09-01 20:29:10.2059,-3,5
"Q","BZTF21",2636,2020-09-01 20:29:10.2897,-3,5
"Q","BZTF21",2638,2020-09-01 20:29:10.3053,-3,5
"Q","BZTF21",2640,2020-09-01 20:29:10.3601,-3,5
"Q","BZTF21",2642,2020-09-01 20:29:10.382,-3,5
"Q","BZTF21",2644,2020-09-01 20:29:10.4617,-3,5
"Q","BZTF21",2646,2020-09-01 20:29:10.4617,-3,5
"Q","BZTF21",2648,2020-09-01 20:29:10.4888,-3,5
"Q","BZTF21",2650,2020-09-01 20:29:10.5029,-3,5
"Q","BZTF21",2652,2020-09-01 20:29:10.846,-3,5
"Q","BZTF21",2654,2020-09-01 20:29:11.0087,-3,5
"Q","BZTF21",2656,2020-09-01 20:29:11.0087,-3,5
"Q","BZTF21",2658,2020-09-01 20:29:11.0087,-3,5
"Q","BZTF21",2660,2020-09-01 20:29:11.0931,-3,5
"Q","BZTF21",2662,2020-09-01 20:29:11.1878,-3,5
"Q","BZTF21",2664,2020-09-01 20:29:11.1878,-3,5
"Q","BZTF21",2666,2020-09-01 20:29:11.1878,-3,5
"Q","BZTF21",2668,2020-09-01 20:29:11.2491,-3,5
"Q","BZTF21",2670,2020-09-01 20:29:11.2491,-3,5
"Q","BZTF21",2672,2020-09-01 20:29:11.2491,-3,5
"Q","BZTF21",2674,2020-09-01 20:29:11.2715,-3,5
"Q","BZTF21",2676,2020-09-01 20:29:11.4322,-3,5
"Q","BZTF21",2678,2020-09-01 20:29:11.6661,-3,5
"Q","BZTF21",2680,2020-09-01 20:29:11.9305,-3,5
"Q","BZTF21",2682,2020-09-01 20:29:11.9305,-3,5
"Q","BZTF21",2684,2020-09-01 20:29:11.9305,-3,5
"Q","BZTF21",2686,2020-09-01 20:29:11.9305,-3,5
"Q","BZTF21",2688,2020-09-01 20:29:12.0158,-3,5
"Q","BZTF21",2690,2020-09-01 20:29:12.0158,-3,5
"Q","BZTF21",2692,2020-09-01 20:29:12.0797,-3,5
"Q","BZTF21",2694,2020-09-01 20:29:12.1908,-3,5
"Q","BZTF21",2696,2020-09-01 20:29:12.2863,-3,5
"Q","BZTF21",2698,2020-09-01 20:29:12.2863,-3,5
"Q","BZTF21",2700,2020-09-01 20:29:12.2863,-3,5
"Q","BZTF21",2702,2020-09-01 20:29:12.2929,-3,5
"Q","BZTF21",2704,2020-09-01 20:29:12.4289,-3,5
"Q","BZTF21",2706,2020-09-01 20:29:12.5957,-3,5
"Q","BZTF21",2708,2020-09-01 20:29:13.1546,-3,5
"Q","BZTF21",2710,2020-09-01 20:29:13.2249,-3,5
"Q","BZTF21",2712,2020-09-01 20:29:13.3211,-3,5
"Q","BZTF21",2714,2020-09-01 20:29:13.3274,-3,5
"Q","BZTF21",2716,2020-09-01 20:29:13.3274,-3,5
"Q","BZTF21",2718,2020-09-01 20:29:13.3274,-3,5
"Q","BZTF21",2720,2020-09-01 20:29:13.3274,-3,5
"Q","BZTF21",2722,2020-09-01 20:29:13.3274,-3,5
"Q","BZTF21",2724,2020-09-01 20:29:13.3274,-3,5
"Q","BZTF21",2726,2020-09-01 20:29:13.5279,-3,5
"Q","BZTF21",2728,2020-09-01 20:29:13.5279,-3,5
"Q","BZTF21",2730,2020-09-01 20:29:13.5279,-3,5
"Q","BZTF21",2732,2020-09-01 20:29:13.5841,-3,5
"Q","BZTF21",2734,2020-09-01 20:29:13.5905,-3,5
"Q","BZTF21",2736,2020-09-01 20:29:13.5905,-3,5
"Q","BZTF21",2738,2020-09-01 20:29:13.5905,-3,5
"Q","BZTF21",2740,2020-09-01 20:29:13.5905,-3,5
"Q","BZTF21",2742,2020-09-01 20:29:13.5905,-3,5
"Q","BZTF21",2744,2020-09-01 20:29:13.5905,-3,5
"Q","BZTF21",2746,2020-09-01 20:29:13.5905,-3.25,5
"Q","BZTF21",2748,2020-09-01 20:29:13.5905,-3.5,5
"Q","BZTF21",2750,2020-09-01 20:29:13.5905,-4,50
"Q","BZTF21",2752,2020-09-01 20:29:13.5905,-4,14
"Q","BZTF21",2754,2020-09-01 20:29:13.5905,-4,14
"Q","BZTF21",2756,2020-09-01 20:29:13.5905,-4,14
"Q","BZTF21",2758,2020-09-01 20:29:13.5905,-4,14
"Q","BZTF21",2760,2020-09-01 20:29:13.5905,-4,14
"Q","BZTF21",2762,2020-09-01 20:29:13.5905,-4,14
"Q","BZTF21",2764,2020-09-01 20:29:13.5905,-4,14
"Q","BZTF21",2766,2020-09-01 20:29:13.5905,-4,19
"Q","BZTF21",2768,2020-09-01 20:29:13.5905,-4,19
"Q","BZTF21",2770,2020-09-01 20:29:13.5905,-4,19
"Q","BZTF21",2772,2020-09-01 20:29:13.6199,-4,19
"Q","BZTF21",2774,2020-09-01 20:29:13.6199,-4,19
"Q","BZTF21",2776,2020-09-01 20:29:13.6308,-4,19
"Q","BZTF21",2778,2020-09-01 20:29:13.6308,-4,19
"Q","BZTF21",2780,2020-09-01 20:29:13.6358,-4,24
"Q","BZTF21",2782,2020-09-01 20:29:13.6358,-4,26
"Q","BZTF21",2784,2020-09-01 20:29:13.6358,-4,31
"Q","BZTF21",2786,2020-09-01 20:29:13.6358,-4,31
"Q","BZTF21",2788,2020-09-01 20:29:13.6358,-4,31
"Q","BZTF21",2790,2020-09-01 20:29:13.6358,-4,32
"Q","BZTF21",2792,2020-09-01 20:29:13.6358,-4,32
"Q","BZTF21",2794,2020-09-01 20:29:13.6408,-4,32
"Q","BZTF21",2796,2020-09-01 20:29:13.6408,-4,32
"Q","BZTF21",2798,2020-09-01 20:29:13.6408,-4,34
"Q","BZTF21",2800,2020-09-01 20:29:13.6472,-4,35
"Q","BZTF21",2802,2020-09-01 20:29:13.6472,-4,37
"Q","BZTF21",2804,2020-09-01 20:29:13.6472,-4,35
"Q","BZTF21",2806,2020-09-01 20:29:13.6472,-4,34
"Q","BZTF21",2808,2020-09-01 20:29:13.6472,-4,32
"Q","BZTF21",2810,2020-09-01 20:29:13.6472,-4,31
"Q","BZTF21",2812,2020-09-01 20:29:13.6532,-4,32
"Q","BZTF21",2814,2020-09-01 20:29:13.6532,-4,31
"Q","BZTF21",2816,2020-09-01 20:29:13.6532,-4,31
"Q","BZTF21",2818,2020-09-01 20:29:13.6532,-4,29
"Q","BZTF21",2820,2020-09-01 20:29:13.6532,-4,27
"Q","BZTF21",2822,2020-09-01 20:29:13.665,-4,27
"Q","BZTF21",2824,2020-09-01 20:29:13.6709,-4,29
"Q","BZTF21",2826,2020-09-01 20:29:13.6961,-4,27
"Q","BZTF21",2828,2020-09-01 20:29:13.7014,-4,29
"Q","BZTF21",2830,2020-09-01 20:29:13.7014,-4,27
"Q","BZTF21",2832,2020-09-01 20:29:13.7014,-4,29
"Q","BZTF21",2834,2020-09-01 20:29:13.7281,-4,29
"Q","BZTF21",2836,2020-09-01 20:29:13.7345,-4,29
"Q","BZTF21",2838,2020-09-01 20:29:13.7654,-4,27
"Q","BZTF21",2840,2020-09-01 20:29:13.7654,-4,26
"Q","BZTF21",2842,2020-09-01 20:29:13.7654,-4,24
"Q","BZTF21",2844,2020-09-01 20:29:13.7654,-4,22
"Q","BZTF21",2846,2020-09-01 20:29:13.7654,-4,22
"Q","BZTF21",2848,2020-09-01 20:29:13.7654,-4,24
"Q","BZTF21",2850,2020-09-01 20:29:13.7654,-4,22
"Q","BZTF21",2852,2020-09-01 20:29:13.7734,-4,22
"Q","BZTF21",2854,2020-09-01 20:29:13.78,-4,24
"Q","BZTF21",2856,2020-09-01 20:29:13.8359,-4,24
"Q","BZTF21",2858,2020-09-01 20:29:13.864,-4,29
"Q","BZTF21",2860,2020-09-01 20:29:13.9295,-4,29
"Q","BZTF21",2862,2020-09-01 20:29:13.9295,-4,27
"Q","BZTF21",2864,2020-09-01 20:29:13.9354,-4,27
"Q","BZTF21",2866,2020-09-01 20:29:13.9465,-4,29
"Q","BZTF21",2868,2020-09-01 20:29:13.9876,-4,29
"Q","BZTF21",2870,2020-09-01 20:29:13.9876,-4,27
"Q","BZTF21",2872,2020-09-01 20:29:13.998,-4,27
"Q","BZTF21",2874,2020-09-01 20:29:13.998,-4,22
"Q","BZTF21",2876,2020-09-01 20:29:13.998,-4,22
"Q","BZTF21",2878,2020-09-01 20:29:13.998,-4,22
"Q","BZTF21",2880,2020-09-01 20:29:14.0083,-4,24
"Q","BZTF21",2882,2020-09-01 20:29:14.0301,-4,24
"Q","BZTF21",2884,2020-09-01 20:29:14.0301,-4,22
"Q","BZTF21",2886,2020-09-01 20:29:14.0301,-4,22
"Q","BZTF21",2888,2020-09-01 20:29:14.0354,-4,19
"Q","BZTF21",2890,2020-09-01 20:29:14.0354,-4,19
"Q","BZTF21",2892,2020-09-01 20:29:14.0354,-4,21
"Q","BZTF21",2894,2020-09-01 20:29:14.0481,-4,19
"Q","BZTF21",2896,2020-09-01 20:29:14.0784,-4,21
"Q","BZTF21",2898,2020-09-01 20:29:14.0898,-3,5
"Q","BZTF21",2900,2020-09-01 20:29:14.2164,-3,5
"Q","BZTF21",2902,2020-09-01 20:29:14.2386,-3,5
"Q","BZTF21",2904,2020-09-01 20:29:14.3637,-3,5
"Q","BZTF21",2906,2020-09-01 20:29:14.4556,-3,5
"Q","BZTF21",2908,2020-09-01 20:29:14.5198,-3,5
"Q","BZTF21",2910,2020-09-01 20:29:14.5327,-3,5
"Q","BZTF21",2912,2020-09-01 20:29:14.5327,-3,5
"Q","BZTF21",2914,2020-09-01 20:29:14.5327,-3,5
"Q","BZTF21",2916,2020-09-01 20:29:14.5327,-3,5
"Q","BZTF21",2918,2020-09-01 20:29:14.5864,-3,5
"Q","BZTF21",2920,2020-09-01 20:29:14.6309,-3,5
"Q","BZTF21",2922,2020-09-01 20:29:14.6814,-3,5
"Q","BZTF21",2924,2020-09-01 20:29:14.8682,-3,5
"Q","BZTF21",2926,2020-09-01 20:29:14.9777,-3,5
"Q","BZTF21",2928,2020-09-01 20:29:14.9836,-3,5
"Q","BZTF21",2930,2020-09-01 20:29:15.0028,-3,5
"Q","BZTF21",2932,2020-09-01 20:29:15.0028,-3,5
"Q","BZTF21",2934,2020-09-01 20:29:15.0455,-3,5
"Q","BZTF21",2936,2020-09-01 20:29:15.0455,-3,5
"Q","BZTF21",2938,2020-09-01 20:29:15.0659,-3,5
"Q","BZTF21",2940,2020-09-01 20:29:15.0769,-3,5
"Q","BZTF21",2942,2020-09-01 20:29:15.1048,-3,5
"Q","BZTF21",2944,2020-09-01 20:29:15.1162,-3,5
"Q","BZTF21",2946,2020-09-01 20:29:15.1236,-3,5
"Q","BZTF21",2948,2020-09-01 20:29:15.2915,-3,5
"Q","BZTF21",2950,2020-09-01 20:29:15.4206,-3,5
"Q","BZTF21",2952,2020-09-01 20:29:15.4206,-3,5
"Q","BZTF21",2954,2020-09-01 20:29:15.4206,-3,5
"Q","BZTF21",2956,2020-09-01 20:29:15.4442,-3,5
"Q","BZTF21",2958,2020-09-01 20:29:15.4442,-3,5
"Q","BZTF21",2960,2020-09-01 20:29:15.4496,-3,5
"Q","BZTF21",2962,2020-09-01 20:29:15.4897,-3,5
"Q","BZTF21",2964,2020-09-01 20:29:15.4936,-3,5
"Q","BZTF21",2966,2020-09-01 20:29:15.4936,-3,5
"Q","BZTF21",2968,2020-09-01 20:29:15.4978,-3,5
"Q","BZTF21",2970,2020-09-01 20:29:15.5045,-3,5
"Q","BZTF21",2972,2020-09-01 20:29:15.5045,-3,5
"Q","BZTF21",2974,2020-09-01 20:29:15.5045,-3,5
"Q","BZTF21",2976,2020-09-01 20:29:15.5105,-3,5
"Q","BZTF21",2978,2020-09-01 20:29:15.5105,-3,5
"Q","BZTF21",2980,2020-09-01 20:29:15.5224,-3,5
"Q","BZTF21",2982,2020-09-01 20:29:15.614,-3,5
"Q","BZTF21",2984,2020-09-01 20:29:15.6252,-3,5
"Q","BZTF21",2986,2020-09-01 20:29:15.6449,-3,5
"Q","BZTF21",2988,2020-09-01 20:29:15.6671,-3,5
"Q","BZTF21",2990,2020-09-01 20:29:15.6809,-3,5
"Q","BZTF21",2992,2020-09-01 20:29:15.6912,-3,5
"Q","BZTF21",2994,2020-09-01 20:29:15.7591,-3,5
"Q","BZTF21",2996,2020-09-01 20:29:15.7752,-3,5
"Q","BZTF21",2998,2020-09-01 20:29:15.8059,-3,5
"Q","BZTF21",3000,2020-09-01 20:29:15.8147,-3,5
"Q","BZTF21",3002,2020-09-01 20:29:15.9382,-3,5
"Q","BZTF21",3004,2020-09-01 20:29:15.9762,-3.25,5
"Q","BZTF21",3006,2020-09-01 20:29:15.9762,-3.5,5
"Q","BZTF21",3008,2020-09-01 20:29:15.9762,-4,4
"Q","BZTF21",3010,2020-09-01 20:29:15.9762,-4,9
"Q","BZTF21",3012,2020-09-01 20:29:15.9923,-4,9
"Q","BZTF21",3014,2020-09-01 20:29:16.0168,-4,9
"Q","BZTF21",3016,2020-09-01 20:29:16.0168,-4,9
"Q","BZTF21",3018,2020-09-01 20:29:16.0225,-4,9
"Q","BZTF21",3020,2020-09-01 20:29:16.073,-4,8
"Q","BZTF21",3022,2020-09-01 20:29:16.073,-4,6
"Q","BZTF21",3024,2020-09-01 20:29:16.1273,-4,6
"Q","BZTF21",3026,2020-09-01 20:29:16.2168,-4,5
"Q","BZTF21",3028,2020-09-01 20:29:18.6366,-4,5
"Q","BZTF21",3030,2020-09-01 20:29:18.6366,-4,5
"Q","BZTF21",3032,2020-09-01 20:29:18.6366,-4,5
"Q","BZTF21",3034,2020-09-01 20:29:18.7684,-4,5
"Q","BZTF21",3036,2020-09-01 20:29:18.7958,-4,5
"Q","BZTF21",3038,2020-09-01 20:29:19.2382,-4,5
"Q","BZTF21",3040,2020-09-01 20:29:19.2382,-4,5
"Q","BZTF21",3042,2020-09-01 20:29:19.2382,-4,5
"Q","BZTF21",3044,2020-09-01 20:29:19.2382,-4,5
"Q","BZTF21",3046,2020-09-01 20:29:19.8409,-4,5
"Q","BZTF21",3048,2020-09-01 20:29:19.8409,-4,5
"Q","BZTF21",3050,2020-09-01 20:29:19.8409,-4,5
"Q","BZTF21",3052,2020-09-01 20:29:19.9033,-4,5
"Q","BZTF21",3054,2020-09-01 20:29:19.9033,-4,5
"Q","BZTF21",3056,2020-09-01 20:29:20.0076,-4,5
"Q","BZTF21",3058,2020-09-01 20:29:20.0298,-4,5
"Q","BZTF21",3060,2020-09-01 20:29:20.0298,-4,5
"Q","BZTF21",3062,2020-09-01 20:29:20.0298,-4,5
"Q","BZTF21",3064,2020-09-01 20:29:20.0801,-4,5
"Q","BZTF21",3066,2020-09-01 20:29:20.0801,-4,5
"Q","BZTF21",3068,2020-09-01 20:29:20.0801,-4,5
"Q","BZTF21",3070,2020-09-01 20:29:21.5012,-4,5
"Q","BZTF21",3072,2020-09-01 20:29:21.5012,-4,5
"Q","BZTF21",3074,2020-09-01 20:29:21.5012,-4,5
"Q","BZTF21",3076,2020-09-01 20:29:21.5929,-4,5
"Q","BZTF21",3078,2020-09-01 20:29:22.906,-4,5
"Q","BZTF21",3080,2020-09-01 20:29:22.906,-4,5
"Q","BZTF21",3082,2020-09-01 20:29:22.906,-4,5
"Q","BZTF21",3084,2020-09-01 20:29:22.9428,-4,5
"Q","BZTF21",3086,2020-09-01 20:29:22.9538,-4,5
"Q","BZTF21",3088,2020-09-01 20:29:22.9862,-4,5
"Q","BZTF21",3090,2020-09-01 20:29:23.5371,-4,5
"Q","BZTF21",3092,2020-09-01 20:29:23.5371,-4,5
"Q","BZTF21",3094,2020-09-01 20:29:23.5371,-4,5
"Q","BZTF21",3096,2020-09-01 20:29:23.5371,-4,5
"Q","BZTF21",3098,2020-09-01 20:29:25.8265,-4,5
"Q","BZTF21",3100,2020-09-01 20:29:25.8265,-4,5
"Q","BZTF21",3103,2020-09-01 20:29:25.9615,-4,5
"Q","BZTF21",3105,2020-09-01 20:29:26.5285,-4,5
"Q","BZTF21",3107,2020-09-01 20:29:26.5285,-4,5
"Q","BZTF21",3110,2020-09-01 20:29:26.635,-4,5
"Q","BZTF21",3112,2020-09-01 20:29:27.0728,-4.25,5
"Q","BZTF21",3114,2020-09-01 20:29:27.0728,-4.5,5
"Q","BZTF21",3117,2020-09-01 20:29:27.1964,-5,5
"Q","BZTF21",3119,2020-09-01 20:29:27.6772,-5.25,5
"Q","BZTF21",3121,2020-09-01 20:29:27.6772,-5.5,5
"Q","BZTF21",3124,2020-09-01 20:29:27.7902,-4,5
"Q","BZTF21",3126,2020-09-01 20:29:27.8432,-4,5
"Q","BZTF21",3128,2020-09-01 20:29:27.8432,-4,5
"Q","BZTF21",3131,2020-09-01 20:29:27.9896,-4,5
"Q","BZTF21",3133,2020-09-01 20:29:28.9423,-4,5
"Q","BZTF21",3135,2020-09-01 20:29:28.9423,-4,5
"Q","BZTF21",3138,2020-09-01 20:29:29.089,-4,5
"Q","BZTF21",3140,2020-09-01 20:29:29.569,-4,5
"Q","BZTF21",3142,2020-09-01 20:29:29.569,-4,5
"Q","BZTF21",3145,2020-09-01 20:29:29.6261,-4,5
"Q","BZTF21",3147,2020-09-01 20:29:29.8207,-4.25,5
"Q","BZTF21",3149,2020-09-01 20:29:29.8207,-4.5,5
"Q","BZTF21",3152,2020-09-01 20:29:29.9913,-5,5
"Q","BZTF21",3154,2020-09-01 20:29:30.1479,-5.25,5
"Q","BZTF21",3156,2020-09-01 20:29:30.1479,-5.5,5
"Q","BZTF21",3159,2020-09-01 20:29:30.1517,-5.5,5
"Q","BZTF21",3161,2020-09-01 20:29:30.1517,-5.5,5
"Q","BZTF21",3164,2020-09-01 20:29:30.2969,-4,5
"Q","BZTF21",3166,2020-09-01 20:29:30.3894,-4,5
"Q","BZTF21",3168,2020-09-01 20:29:30.7633,-4.25,5
"Q","BZTF21",3170,2020-09-01 20:29:30.7633,-4.5,5
"Q","BZTF21",3173,2020-09-01 20:29:30.8921,-3,5
"Q","BZTF21",3175,2020-09-01 20:29:31.3131,-3,5
"Q","BZTF21",3177,2020-09-01 20:29:31.3131,-3,5
"Q","BZTF21",3180,2020-09-01 20:29:31.4818,-3,5
"Q","BZTF21",3182,2020-09-01 20:29:32.1272,-3.25,5
"Q","BZTF21",3184,2020-09-01 20:29:32.1272,-3.5,5
"Q","BZTF21",3187,2020-09-01 20:29:32.192,-3,5
"Q","BZTF21",3189,2020-09-01 20:29:32.7156,-3.25,5
"Q","BZTF21",3191,2020-09-01 20:29:32.7156,-3.5,5
"Q","BZTF21",3194,2020-09-01 20:29:32.8001,-2,5
"Q","BZTF21",3196,2020-09-01 20:29:33.2098,-2.25,5
"Q","BZTF21",3198,2020-09-01 20:29:33.2098,-2.5,5
"Q","BZTF21",3201,2020-09-01 20:29:33.2864,-2,5
"Q","BZTF21",3203,2020-09-01 20:29:33.8686,-2.25,5
"Q","BZTF21",3205,2020-09-01 20:29:33.8686,-2.5,5
"Q","BZTF21",3208,2020-09-01 20:29:33.9573,-2,5
"Q","BZTF21",3210,2020-09-01 20:29:34.5424,-2.25,5
"Q","BZTF21",3212,2020-09-01 20:29:34.5424,-2.5,5
"Q","BZTF21",3215,2020-09-01 20:29:34.6329,-2,5
"Q","BZTF21",3217,2020-09-01 20:29:35.9829,-2.25,5
"Q","BZTF21",3219,2020-09-01 20:29:35.9829,-2.5,5
"Q","BZTF21",3222,2020-09-01 20:29:36.0932,-3,5
"Q","BZTF21",3224,2020-09-01 20:29:36.7053,-3.25,5
"Q","BZTF21",3226,2020-09-01 20:29:36.7053,-3.5,5
"Q","BZTF21",3229,2020-09-01 20:29:36.7893,-3,5
"Q","BZTF21",3231,2020-09-01 20:29:37.4041,-3.25,5
"Q","BZTF21",3233,2020-09-01 20:29:37.4041,-3.5,5
"Q","BZTF21",3236,2020-09-01 20:29:37.501,-3.5,5
"Q","BZTF21",3238,2020-09-01 20:29:37.501,-3.5,5
"Q","BZTF21",3241,2020-09-01 20:29:37.5166,-2,5
"Q","BZTF21",3243,2020-09-01 20:29:37.587,-2,5
"Q","BZTF21",3245,2020-09-01 20:29:38.3005,-2,5
"Q","BZTF21",3247,2020-09-01 20:29:38.3005,-2,5
"Q","BZTF21",3250,2020-09-01 20:29:38.3858,-2,5
"Q","BZTF21",3252,2020-09-01 20:29:38.4449,-2.25,5
"Q","BZTF21",3254,2020-09-01 20:29:38.45,-2.5,5
"Q","BZTF21",3257,2020-09-01 20:29:38.5909,-3,5
"Q","BZTF21",3259,2020-09-01 20:29:39.0992,-3,5
"Q","BZTF21",3261,2020-09-01 20:29:39.0992,-3,5
"Q","BZTF21",3264,2020-09-01 20:29:39.1891,-3,5
"Q","BZTF21",3266,2020-09-01 20:29:39.5411,-3,5
"Q","BZTF21",3268,2020-09-01 20:29:39.5411,-3,5
"Q","BZTF21",3271,2020-09-01 20:29:39.6891,-3,5
"Q","BZTF21",3273,2020-09-01 20:29:40.1481,-3,5
"Q","BZTF21",3275,2020-09-01 20:29:40.1481,-3,5
"Q","BZTF21",3278,2020-09-01 20:29:40.3037,-3,5
"Q","BZTF21",3280,2020-09-01 20:29:42.0777,-3,5
"Q","BZTF21",3282,2020-09-01 20:29:42.0777,-3,5
"Q","BZTF21",3285,2020-09-01 20:29:42.0996,-3.25,5
"Q","BZTF21",3287,2020-09-01 20:29:42.0996,-3.5,5
"Q","BZTF21",3290,2020-09-01 20:29:42.1853,-3.5,5
"Q","BZTF21",3292,2020-09-01 20:29:42.2949,-4,5
"Q","BZTF21",3294,2020-09-01 20:29:42.7678,-4.25,5
"Q","BZTF21",3296,2020-09-01 20:29:42.7678,-4.5,5
"Q","BZTF21",3299,2020-09-01 20:29:42.8421,-3,5
"Q","BZTF21",3301,2020-09-01 20:29:42.8801,-3.25,5
"Q","BZTF21",3303,2020-09-01 20:29:42.8801,-3.5,5
"Q","BZTF21",3306,2020-09-01 20:29:42.996,-4,5
"Q","BZTF21",3308,2020-09-01 20:29:43.4194,-4,5
"Q","BZTF21",3310,2020-09-01 20:29:43.4194,-4,5
"Q","BZTF21",3313,2020-09-01 20:29:43.4831,-4.25,5
"Q","BZTF21",3315,2020-09-01 20:29:43.4831,-4.5,5
"Q","BZTF21",3318,2020-09-01 20:29:43.5864,-4.5,5
"Q","BZTF21",3320,2020-09-01 20:29:43.5864,-3,5
"Q","BZTF21",3322,2020-09-01 20:29:44.5438,-3,5
"Q","BZTF21",3324,2020-09-01 20:29:44.5438,-3,5
"Q","BZTF21",3327,2020-09-01 20:29:44.6505,-3,5
"Q","BZTF21",3329,2020-09-01 20:29:46.061,-3.25,5
"Q","BZTF21",3331,2020-09-01 20:29:46.061,-3.5,5
"Q","BZTF21",3334,2020-09-01 20:29:46.1883,-4,5
"Q","BZTF21",3336,2020-09-01 20:29:46.3366,-4,5
"Q","BZTF21",3338,2020-09-01 20:29:46.3366,-4,5
"Q","BZTF21",3341,2020-09-01 20:29:46.4962,-4,5
"Q","BZTF21",3343,2020-09-01 20:29:46.6467,-4.25,5
"Q","BZTF21",3345,2020-09-01 20:29:46.6467,-4.5,5
"Q","BZTF21",3348,2020-09-01 20:29:46.785,-3,5
"Q","BZTF21",3350,2020-09-01 20:29:47.1716,-3.25,5
"Q","BZTF21",3352,2020-09-01 20:29:47.1716,-3.5,5
"Q","BZTF21",3355,2020-09-01 20:29:47.2985,-4,5
"Q","BZTF21",3357,2020-09-01 20:29:49.0508,-4.25,5
"Q","BZTF21",3359,2020-09-01 20:29:49.0508,-4.5,5
"Q","BZTF21",3362,2020-09-01 20:29:49.0659,-4.5,5
"Q","BZTF21",3364,2020-09-01 20:29:49.0659,-4.5,5
"Q","BZTF21",3367,2020-09-01 20:29:49.1321,-3,5
"Q","BZTF21",3369,2020-09-01 20:29:49.1908,-3,5
"Q","BZTF21",3371,2020-09-01 20:29:49.3147,-3.25,5
"Q","BZTF21",3373,2020-09-01 20:29:49.3147,-3.5,5
"Q","BZTF21",3376,2020-09-01 20:29:49.4882,-4,5
"Q","BZTF21",3378,2020-09-01 20:29:49.5474,-4.25,5
"Q","BZTF21",3380,2020-09-01 20:29:49.5474,-4.5,5
"Q","BZTF21",3383,2020-09-01 20:29:49.8981,-3,5
"Q","BZTF21",3385,2020-09-01 20:29:50.2658,-3,5
"Q","BZTF21",3387,2020-09-01 20:29:50.2658,-3,5
"Q","BZTF21",3390,2020-09-01 20:29:50.3066,-3.25,5
"Q","BZTF21",3392,2020-09-01 20:29:50.3066,-3.5,5
"Q","BZTF21",3395,2020-09-01 20:29:50.3587,-3.5,5
"Q","BZTF21",3397,2020-09-01 20:29:50.4913,-4,5
"Q","BZTF21",3399,2020-09-01 20:29:50.8941,-4.25,5
"Q","BZTF21",3401,2020-09-01 20:29:50.9033,-4.5,5
"Q","BZTF21",3404,2020-09-01 20:29:50.9956,-4.5,5
"Q","BZTF21",3406,2020-09-01 20:29:50.9956,-4.5,5
"Q","BZTF21",3409,2020-09-01 20:29:50.9956,-3,5
"Q","BZTF21",3411,2020-09-01 20:29:51.0762,-3.25,5
"Q","BZTF21",3413,2020-09-01 20:29:51.0762,-3.5,5
"Q","BZTF21",3416,2020-09-01 20:29:51.0762,-3.5,5
"Q","BZTF21",3418,2020-09-01 20:29:51.0762,-4,5
"Q","BZTF21",3420,2020-09-01 20:29:51.1856,-4,5
"Q","BZTF21",3422,2020-09-01 20:29:51.1856,-4,5
"Q","BZTF21",3425,2020-09-01 20:29:51.2902,-4,5
"Q","BZTF21",3427,2020-09-01 20:29:52.4254,-4,5
"Q","BZTF21",3429,2020-09-01 20:29:52.4254,-4,5
"Q","BZTF21",3432,2020-09-01 20:29:52.535,-4,5
"Q","BZTF21",3434,2020-09-01 20:29:52.5592,-4.25,5
"Q","BZTF21",3436,2020-09-01 20:29:52.5592,-4.5,5
"Q","BZTF21",3439,2020-09-01 20:29:52.6387,-3,5
"Q","BZTF21",3441,2020-09-01 20:29:52.7236,-3.25,5
"Q","BZTF21",3443,2020-09-01 20:29:52.7236,-3.5,5
"Q","BZTF21",3446,2020-09-01 20:29:52.8986,-4,5
"Q","BZTF21",3448,2020-09-01 20:29:53.142,-4,5
"Q","BZTF21",3450,2020-09-01 20:29:53.142,-4,5
"Q","BZTF21",3453,2020-09-01 20:29:53.2905,-4,5
"Q","BZTF21",3455,2020-09-01 20:29:53.3238,-4.25,5
"Q","BZTF21",3457,2020-09-01 20:29:53.3238,-4.5,5
"Q","BZTF21",3460,2020-09-01 20:29:53.416,-3,5
"Q","BZTF21",3462,2020-09-01 20:29:53.8253,-3,5
"Q","BZTF21",3464,2020-09-01 20:29:53.8253,-3,5
"Q","BZTF21",3467,2020-09-01 20:29:53.9304,-3,5
"Q","BZTF21",3469,2020-09-01 20:29:54.2493,-3.25,5
"Q","BZTF21",3471,2020-09-01 20:29:54.2493,-3.5,5
"Q","BZTF21",3474,2020-09-01 20:29:54.3269,-3.5,5
"Q","BZTF21",3476,2020-09-01 20:29:54.3269,-3.5,5
"Q","BZTF21",3479,2020-09-01 20:29:54.3898,-3.5,5
"Q","BZTF21",3481,2020-09-01 20:29:54.3898,-4,5
"Q","BZTF21",3483,2020-09-01 20:29:54.8895,-4,5
"Q","BZTF21",3485,2020-09-01 20:29:54.8895,-4,5
"Q","BZTF21",3488,2020-09-01 20:29:54.9903,-4,5
"Q","BZTF21",3490,2020-09-01 20:29:55.0649,-4,5
"Q","BZTF21",3492,2020-09-01 20:29:55.0649,-4,5
"Q","BZTF21",3495,2020-09-01 20:29:55.1162,-4.25,5
"Q","BZTF21",3497,2020-09-01 20:29:55.1162,-4.5,5
"Q","BZTF21",3500,2020-09-01 20:29:55.1867,-4.5,5
"Q","BZTF21",3502,2020-09-01 20:29:55.1867,-5,5
"Q","BZTF21",3504,2020-09-01 20:29:55.2574,-5,5
"Q","BZTF21",3506,2020-09-01 20:29:55.2574,-5,5
"Q","BZTF21",3509,2020-09-01 20:29:55.392,-5,5
"Q","BZTF21",3511,2020-09-01 20:29:56.6531,-5.25,5
"Q","BZTF21",3513,2020-09-01 20:29:56.6531,-5.5,5
"Q","BZTF21",3516,2020-09-01 20:29:56.7366,-4,5
"Q","BZTF21",3518,2020-09-01 20:29:56.8731,-4,5
"Q","BZTF21",3520,2020-09-01 20:29:56.8731,-4,5
"Q","BZTF21",3523,2020-09-01 20:29:57.0342,-4,5
"Q","BZTF21",3525,2020-09-01 20:29:58.0886,-4.25,5
"Q","BZTF21",3527,2020-09-01 20:29:58.0886,-4.5,5
"Q","BZTF21",3530,2020-09-01 20:29:58.0886,-4.5,5
"Q","BZTF21",3532,2020-09-01 20:29:58.0886,-4.5,5
"Q","BZTF21",3,2020-09-01 23:45:08.3127,-0.75,1
"Q","BZTF21",5,2020-09-01 23:45:08.3127,-0.75,1
"Q","BZTF21",7,2020-09-01 23:48:28.9149,-0.75,1
"Q","BZTF21",8,2020-09-01 23:48:28.9149,-0.75,1
"Q","BZTF21",13,2020-09-02 00:20:03.5934,-0.75,1
"Q","BZTF21",15,2020-09-02 00:20:03.5934,-1,600
"Q","BZTF21",17,2020-09-02 07:26:36.3994,-1,605
"Q","BZTF21",19,2020-09-02 11:01:57.0081,-1,620
"Q","BZTF21",21,2020-09-02 13:00:00.0087,-0.5,14
"Q","BZTF21",23,2020-09-02 13:04:42.7534,-0.5,14
"Q","BZTF21",25,2020-09-02 13:44:53.0034,-0.75,100
"Q","BZTF21",27,2020-09-02 14:43:13.8528,-0.5,1
"Q","BZTF21",29,2020-09-02 15:26:52.7334,-0.5,14
"Q","BZTF21",31,2020-09-02 15:38:35.7482,-0.5,10
"Q","BZTF21",33,2020-09-02 15:39:11.7899,-0.5,8
"Q","BZTF21",35,2020-09-02 15:39:20.9689,-0.5,14
"Q","BZTF21",37,2020-09-02 15:49:58.7827,-0.5,13
"Q","BZTF21",39,2020-09-02 15:49:58.7827,-0.5,6
"Q","BZTF21",41,2020-09-02 15:49:58.7827,-0.75,100
"Q","BZTF21",43,2020-09-02 15:49:58.7827,-0.75,100
"Q","BZTF21",45,2020-09-02 16:06:10.2789,-0.75,100
"Q","BZTF21",47,2020-09-02 16:06:10.2789,-0.5,12
"Q","BZTF21",49,2020-09-02 16:15:14.8794,-0.5,9
"Q","BZTF21",51,2020-09-02 16:42:34.6387,-0.75,100
"Q","BZTF21",53,2020-09-02 16:42:34.6387,-0.75,100
"Q","BZTF21",55,2020-09-02 16:43:03.4048,-0.75,100
"Q","BZTF21",57,2020-09-02 16:43:19.9176,-0.75,100
"Q","BZTF21",59,2020-09-02 17:02:16.824,-0.75,100
"Q","BZTF21",61,2020-09-02 17:12:45.6761,-0.75,1000
"Q","BZTF21",63,2020-09-02 17:15:15.5835,-0.75,1000
"Q","BZTF21",65,2020-09-02 18:02:05.0635,-0.75,1000
"Q","BZTF21",67,2020-09-02 18:03:26.2358,-0.75,1000
"Q","BZTF21",69,2020-09-02 18:04:48.0212,-0.75,1000
"Q","BZTF21",71,2020-09-02 18:06:42.8327,-0.75,1000
"Q","BZTF21",73,2020-09-02 18:09:32.0345,-0.75,1000
"Q","BZTF21",75,2020-09-02 19:00:06.522,-0.75,1000
"Q","BZTF21",77,2020-09-02 19:00:06.522,-0.75,1000
"Q","BZTF21",79,2020-09-02 19:00:06.522,-0.75,1000
"Q","BZTF21",81,2020-09-02 19:00:06.522,-0.75,1000
"Q","BZTF21",83,2020-09-02 19:37:31.7498,-0.75,1000
"Q","BZTF21",85,2020-09-02 20:07:38.2246,-0.75,1000
"Q","BZTF21",87,2020-09-02 20:07:38.2246,-0.75,1000
"Q","BZTF21",89,2020-09-02 20:07:38.2246,-0.75,1000
"Q","BZTF21",91,2020-09-02 20:07:39.3941,-0.75,1000
"Q","BZTF21",93,2020-09-02 20:07:45.212,-0.75,1000
"Q","BZTF21",96,2020-09-02 20:08:42.1155,-0.75,900
"Q","BZTF21",99,2020-09-02 20:08:42.1229,-0.75,800
"Q","BZTF21",102,2020-09-02 20:08:42.1229,-0.75,700
"Q","BZTF21",105,2020-09-02 20:08:42.1229,-0.75,600
"Q","BZTF21",108,2020-09-02 20:08:42.1229,-0.75,500
"Q","BZTF21",111,2020-09-02 20:08:42.1229,-0.75,400
"Q","BZTF21",114,2020-09-02 20:08:42.1229,-0.75,300
"Q","BZTF21",117,2020-09-02 20:08:42.1229,-0.75,200
"Q","BZTF21",120,2020-09-02 20:08:42.1229,-0.75,100
"Q","BZTF21",123,2020-09-02 20:08:42.1229,-1,600
"Q","BZTF21",125,2020-09-02 20:14:01.2071,-1,600
"Q","BZTF21",127,2020-09-02 20:14:38.8105,-1,600
"Q","BZTF21",129,2020-09-02 20:15:00.009,-1,200
"Q","BZTF21",131,2020-09-02 20:18:55.741,-1,200
"Q","BZTF21",133,2020-09-02 20:18:55.741,-1,200
"Q","BZTF21",135,2020-09-02 20:18:55.741,-1,200
"Q","BZTF21",137,2020-09-02 20:18:55.741,-1,200
"Q","BZTF21",139,2020-09-02 20:18:55.741,-1,200
"Q","BZTF21",141,2020-09-02 20:18:55.741,-1,200
"Q","BZTF21",143,2020-09-02 20:18:55.741,-1,200
"Q","BZTF21",145,2020-09-02 20:18:55.741,-1,200
"Q","BZTF21",147,2020-09-02 20:18:55.7514,-1,200
"Q","BZTF21",149,2020-09-02 20:18:55.7514,-1,200
"Q","BZTF21",152,2020-09-02 20:19:31.3003,-0.75,35
"Q","BZTF21",153,2020-09-02 20:19:31.3003,-0.75,35
"Q","BZTF21",155,2020-09-02 20:19:32.0871,-1,200
"Q","BZTF21",157,2020-09-02 20:25:00.0093,-1,100
"Q","BZTF21",159,2020-09-02 20:26:12.0263,-1,100
"Q","BZTF21",160,2020-09-02 20:26:12.0263,-1,100
"Q","BZTF21",162,2020-09-02 20:28:00.0089,-2,755
"Q","BZTF21",164,2020-09-02 20:28:00.0124,-2,5
"Q","BZTF21",166,2020-09-02 20:28:02.619,-2,755
"Q","BZTF21",168,2020-09-02 20:28:03.0408,-2,5
"Q","BZTF21",170,2020-09-02 20:28:03.1053,-2,755
"Q","BZTF21",172,2020-09-02 20:28:03.1102,-2,5
"Q","BZTF21",174,2020-09-02 20:28:03.1118,-2,755
"Q","BZTF21",176,2020-09-02 20:28:03.1137,-2,5
"Q","BZTF21",178,2020-09-02 20:28:03.1161,-2,755
"Q","BZTF21",180,2020-09-02 20:28:03.1172,-2,5
"Q","BZTF21",182,2020-09-02 20:28:03.1257,-2,755
"Q","BZTF21",184,2020-09-02 20:28:03.147,-2,5
"Q","BZTF21",186,2020-09-02 20:28:03.5605,-2,755
"Q","BZTF21",188,2020-09-02 20:28:03.6447,-2,5
"Q","BZTF21",190,2020-09-02 20:28:03.6949,-2,755
"Q","BZTF21",192,2020-09-02 20:28:03.8539,-2,5
"Q","BZTF21",194,2020-09-02 20:28:04.0364,-2,755
"Q","BZTF21",196,2020-09-02 20:28:07.3534,-1.75,750
"Q","BZTF21",198,2020-09-02 20:28:07.6138,-2,5
"Q","BZTF21",199,2020-09-02 20:28:07.6138,-2,755
"Q","BZTF21",201,2020-09-02 20:28:07.933,-1.75,750
"Q","BZTF21",203,2020-09-02 20:28:07.9721,-2,5
"Q","BZTF21",204,2020-09-02 20:28:07.9721,-2,755
"Q","BZTF21",206,2020-09-02 20:28:08.0271,-1.75,750
"Q","BZTF21",208,2020-09-02 20:28:08.0363,-2,5
"Q","BZTF21",209,2020-09-02 20:28:08.0363,-2,755
"Q","BZTF21",211,2020-09-02 20:28:08.1238,-1.75,750
"Q","BZTF21",213,2020-09-02 20:28:08.2142,-2,5
"Q","BZTF21",214,2020-09-02 20:28:08.2142,-2,755
"Q","BZTF21",216,2020-09-02 20:28:08.339,-1.75,750
"Q","BZTF21",218,2020-09-02 20:28:08.4572,-2,5
"Q","BZTF21",219,2020-09-02 20:28:08.4572,-2,755
"Q","BZTF21",221,2020-09-02 20:28:08.4746,-1.75,750
"Q","BZTF21",223,2020-09-02 20:28:08.7731,-2,5
"Q","BZTF21",224,2020-09-02 20:28:08.7731,-2,755
"Q","BZTF21",226,2020-09-02 20:28:08.7926,-1.75,750
"Q","BZTF21",228,2020-09-02 20:28:09.0419,-2,5
"Q","BZTF21",229,2020-09-02 20:28:09.0419,-2,755
"Q","BZTF21",231,2020-09-02 20:28:09.0681,-1.75,750
"Q","BZTF21",233,2020-09-02 20:28:09.5073,-2,5
"Q","BZTF21",234,2020-09-02 20:28:09.5073,-2,755
"Q","BZTF21",236,2020-09-02 20:28:09.6437,-1.75,750
"Q","BZTF21",238,2020-09-02 20:28:10.3733,-1.75,742
"Q","BZTF21",240,2020-09-02 20:28:10.3733,-1.75,730
"Q","BZTF21",242,2020-09-02 20:28:10.3733,-1.75,707
"Q","BZTF21",244,2020-09-02 20:28:10.3733,-1.75,672
"Q","BZTF21",246,2020-09-02 20:28:10.3733,-1.75,661
"Q","BZTF21",248,2020-09-02 20:28:10.3996,-1.75,715
"Q","BZTF21",250,2020-09-02 20:28:10.4182,-1.75,714
"Q","BZTF21",252,2020-09-02 20:28:10.4255,-1.75,713
"Q","BZTF21",254,2020-09-02 20:28:10.4388,-1.75,712
"Q","BZTF21",256,2020-09-02 20:28:10.4574,-1.75,666
"Q","BZTF21",258,2020-09-02 20:28:10.4574,-1.75,659
"Q","BZTF21",260,2020-09-02 20:28:10.4574,-1.75,654
"Q","BZTF21",262,2020-09-02 20:28:10.4669,-1.75,653
"Q","BZTF21",264,2020-09-02 20:28:10.5499,-1.75,625
"Q","BZTF21",266,2020-09-02 20:28:10.5526,-1.75,591
"Q","BZTF21",268,2020-09-02 20:28:10.5566,-1.75,580
"Q","BZTF21",270,2020-09-02 20:28:10.7003,-1.75,750
"Q","BZTF21",272,2020-09-02 20:28:10.822,-1.75,744
"Q","BZTF21",274,2020-09-02 20:28:11.0045,-1.75,750
"Q","BZTF21",276,2020-09-02 20:28:11.114,-1.75,730
"Q","BZTF21",278,2020-09-02 20:28:11.114,-1.75,724
"Q","BZTF21",280,2020-09-02 20:28:11.1151,-1.75,702
"Q","BZTF21",282,2020-09-02 20:28:11.2175,-1.75,750
"Q","BZTF21",284,2020-09-02 20:28:11.3092,-1.75,743
"Q","BZTF21",286,2020-09-02 20:28:11.3227,-1.75,742
"Q","BZTF21",288,2020-09-02 20:28:11.3294,-1.75,741
"Q","BZTF21",290,2020-09-02 20:28:11.346,-1.75,740
"Q","BZTF21",292,2020-09-02 20:28:11.3649,-1.75,739
"Q","BZTF21",294,2020-09-02 20:28:11.3907,-1.75,738
"Q","BZTF21",296,2020-09-02 20:28:11.3968,-1.75,750
"Q","BZTF21",298,2020-09-02 20:28:11.4456,-1.75,744
"Q","BZTF21",300,2020-09-02 20:28:11.4571,-1.75,743
"Q","BZTF21",302,2020-09-02 20:28:11.4632,-1.75,750
"Q","BZTF21",304,2020-09-02 20:28:12.3827,-1.75,717
"Q","BZTF21",306,2020-09-02 20:28:12.3827,-1.75,681
"Q","BZTF21",308,2020-09-02 20:28:12.3827,-1.75,676
"Q","BZTF21",310,2020-09-02 20:28:12.3827,-1.75,669
"Q","BZTF21",312,2020-09-02 20:28:12.3972,-1.75,668
"Q","BZTF21",314,2020-09-02 20:28:12.4043,-1.75,88
"Q","BZTF21",316,2020-09-02 20:28:12.4089,-2,755
"Q","BZTF21",318,2020-09-02 20:28:12.4763,-2,748
"Q","BZTF21",320,2020-09-02 20:28:12.4763,-2,728
"Q","BZTF21",322,2020-09-02 20:28:12.4852,-2,718
"Q","BZTF21",324,2020-09-02 20:28:12.6161,-2,709
"Q","BZTF21",326,2020-09-02 20:28:12.6199,-2,708
"Q","BZTF21",328,2020-09-02 20:28:12.7356,-2,702
"Q","BZTF21",330,2020-09-02 20:28:12.7375,-2,693
"Q","BZTF21",332,2020-09-02 20:28:12.7386,-2,692
"Q","BZTF21",334,2020-09-02 20:28:12.7386,-2,683
"Q","BZTF21",336,2020-09-02 20:28:12.8504,-2,733
"Q","BZTF21",338,2020-09-02 20:28:12.8635,-2,742
"Q","BZTF21",340,2020-09-02 20:28:12.8723,-2,741
"Q","BZTF21",342,2020-09-02 20:28:12.8984,-2,740
"Q","BZTF21",344,2020-09-02 20:28:12.9055,-2,755
"Q","BZTF21",346,2020-09-02 20:28:12.9655,-2,746
"Q","BZTF21",348,2020-09-02 20:28:12.9655,-2,739
"Q","BZTF21",350,2020-09-02 20:28:12.9655,-2,709
"Q","BZTF21",352,2020-09-02 20:28:12.9703,-2,703
"Q","BZTF21",354,2020-09-02 20:28:12.9847,-2,690
"Q","BZTF21",356,2020-09-02 20:28:12.9966,-2,683
"Q","BZTF21",358,2020-09-02 20:28:12.9966,-2,644
"Q","BZTF21",360,2020-09-02 20:28:13.0144,-2,634
"Q","BZTF21",362,2020-09-02 20:28:13.107,-2,747
"Q","BZTF21",364,2020-09-02 20:28:13.1125,-2,746
"Q","BZTF21",366,2020-09-02 20:28:13.1256,-2,745
"Q","BZTF21",368,2020-09-02 20:28:13.1458,-2,744
"Q","BZTF21",370,2020-09-02 20:28:13.1667,-2,743
"Q","BZTF21",372,2020-09-02 20:28:13.1772,-2,752
"Q","BZTF21",374,2020-09-02 20:28:13.1772,-2,751
"Q","BZTF21",376,2020-09-02 20:28:13.1986,-2,750
"Q","BZTF21",378,2020-09-02 20:28:13.2155,-2,749
"Q","BZTF21",380,2020-09-02 20:28:13.2287,-2,748
"Q","BZTF21",382,2020-09-02 20:28:13.2625,-2,747
"Q","BZTF21",384,2020-09-02 20:28:13.2708,-2,746
"Q","BZTF21",386,2020-09-02 20:28:13.2916,-2,745
"Q","BZTF21",388,2020-09-02 20:28:13.3019,-2,744
"Q","BZTF21",390,2020-09-02 20:28:13.3893,-2,755
"Q","BZTF21",392,2020-09-02 20:28:13.4299,-2,747
"Q","BZTF21",394,2020-09-02 20:28:13.4313,-2,746
"Q","BZTF21",396,2020-09-02 20:28:13.4313,-2,729
"Q","BZTF21",398,2020-09-02 20:28:13.4313,-2,726
"Q","BZTF21",400,2020-09-02 20:28:13.4374,-2,720
"Q","BZTF21",402,2020-09-02 20:28:13.4391,-2,711
"Q","BZTF21",404,2020-09-02 20:28:13.4408,-2,675
"Q","BZTF21",406,2020-09-02 20:28:13.4408,-2,648
"Q","BZTF21",408,2020-09-02 20:28:13.4417,-2,621
"Q","BZTF21",410,2020-09-02 20:28:13.9375,-2,755
"Q","BZTF21",412,2020-09-02 20:28:14.0888,-2,712
"Q","BZTF21",414,2020-09-02 20:28:14.1098,-2,711
"Q","BZTF21",416,2020-09-02 20:28:14.1239,-2,710
"Q","BZTF21",418,2020-09-02 20:28:14.1458,-2,709
"Q","BZTF21",420,2020-09-02 20:28:14.1779,-2,707
"Q","BZTF21",422,2020-09-02 20:28:14.2058,-2,706
"Q","BZTF21",424,2020-09-02 20:28:14.2156,-2,705
"Q","BZTF21",426,2020-09-02 20:28:14.2156,-2,730
"Q","BZTF21",428,2020-09-02 20:28:14.2198,-2,739
"Q","BZTF21",430,2020-09-02 20:28:14.3405,-2,733
"Q","BZTF21",432,2020-09-02 20:28:14.3405,-2,724
"Q","BZTF21",434,2020-09-02 20:28:14.3405,-2,716
"Q","BZTF21",436,2020-09-02 20:28:14.3505,-2,715
"Q","BZTF21",438,2020-09-02 20:28:14.3928,-2,722
"Q","BZTF21",440,2020-09-02 20:28:14.3966,-2,721
"Q","BZTF21",442,2020-09-02 20:28:14.4192,-2,745
"Q","BZTF21",444,2020-09-02 20:28:14.4367,-2,744
"Q","BZTF21",446,2020-09-02 20:28:14.459,-2,743
"Q","BZTF21",448,2020-09-02 20:28:14.4876,-2,742
"Q","BZTF21",450,2020-09-02 20:28:14.4987,-2,741
"Q","BZTF21",452,2020-09-02 20:28:14.578,-2,721
"Q","BZTF21",454,2020-09-02 20:28:14.6335,-2,685
"Q","BZTF21",456,2020-09-02 20:28:14.638,-2,677
"Q","BZTF21",458,2020-09-02 20:28:14.6405,-2,660
"Q","BZTF21",460,2020-09-02 20:28:14.6541,-2,659
"Q","BZTF21",462,2020-09-02 20:28:14.6608,-2,653
"Q","BZTF21",464,2020-09-02 20:28:14.6608,-2,643
"Q","BZTF21",466,2020-09-02 20:28:14.6834,-2,642
"Q","BZTF21",468,2020-09-02 20:28:14.6849,-2,626
"Q","BZTF21",470,2020-09-02 20:28:14.6849,-2,621
"Q","BZTF21",472,2020-09-02 20:28:14.7607,-2,614
"Q","BZTF21",474,2020-09-02 20:28:14.8436,-2,614
"Q","BZTF21",476,2020-09-02 20:28:15.0206,-2,644
"Q","BZTF21",478,2020-09-02 20:28:15.0354,-2,643
"Q","BZTF21",480,2020-09-02 20:28:15.0567,-2,650
"Q","BZTF21",482,2020-09-02 20:28:15.0775,-2,649
"Q","BZTF21",484,2020-09-02 20:28:15.0864,-2,665
"Q","BZTF21",486,2020-09-02 20:28:15.0864,-2,673
"Q","BZTF21",488,2020-09-02 20:28:15.098,-2,672
"Q","BZTF21",490,2020-09-02 20:28:15.1166,-2,665
"Q","BZTF21",492,2020-09-02 20:28:15.1166,-2,649
"Q","BZTF21",494,2020-09-02 20:28:15.1166,-2,648
"Q","BZTF21",496,2020-09-02 20:28:15.1212,-2,647
"Q","BZTF21",498,2020-09-02 20:28:15.1288,-2,643
"Q","BZTF21",500,2020-09-02 20:28:15.1288,-2,624
"Q","BZTF21",502,2020-09-02 20:28:15.1288,-2,623
"Q","BZTF21",504,2020-09-02 20:28:15.1288,-2,615
"Q","BZTF21",506,2020-09-02 20:28:15.2204,-2,691
"Q","BZTF21",508,2020-09-02 20:28:15.2264,-2,690
"Q","BZTF21",510,2020-09-02 20:28:15.4,-2,755
"Q","BZTF21",512,2020-09-02 20:28:15.4738,-2,153
"Q","BZTF21",514,2020-09-02 20:28:15.4738,-2,146
"Q","BZTF21",516,2020-09-02 20:28:15.4738,-2,71
"Q","BZTF21",518,2020-09-02 20:28:15.4738,-1.75,591
"Q","BZTF21",520,2020-09-02 20:28:15.4806,-1.75,676
"Q","BZTF21",522,2020-09-02 20:28:15.4806,-1.75,645
"Q","BZTF21",524,2020-09-02 20:28:15.5139,-1.75,660
"Q","BZTF21",526,2020-09-02 20:28:15.5311,-1.75,659
"Q","BZTF21",528,2020-09-02 20:28:15.5416,-1.75,658
"Q","BZTF21",530,2020-09-02 20:28:15.5584,-1.75,694
"Q","BZTF21",532,2020-09-02 20:28:15.5611,-1.75,702
"Q","BZTF21",534,2020-09-02 20:28:15.5685,-1.75,701
"Q","BZTF21",536,2020-09-02 20:28:15.7381,-1.75,694
"Q","BZTF21",538,2020-09-02 20:28:15.7381,-1.75,679
"Q","BZTF21",540,2020-09-02 20:28:15.7381,-1.75,678
"Q","BZTF21",542,2020-09-02 20:28:15.7661,-1.75,670
"Q","BZTF21",544,2020-09-02 20:28:15.7661,-1.75,659
"Q","BZTF21",546,2020-09-02 20:28:15.7661,-1.75,647
"Q","BZTF21",548,2020-09-02 20:28:15.7661,-1.75,633
"Q","BZTF21",550,2020-09-02 20:28:15.7661,-1.75,631
"Q","BZTF21",552,2020-09-02 20:28:15.7717,-1.75,624
"Q","BZTF21",554,2020-09-02 20:28:15.7883,-1.75,623
"Q","BZTF21",556,2020-09-02 20:28:15.8242,-1.75,63
"Q","BZTF21",558,2020-09-02 20:28:15.8242,-2,755
"Q","BZTF21",560,2020-09-02 20:28:15.8848,-1.75,574
"Q","BZTF21",562,2020-09-02 20:28:16.0242,-1.75,591
"Q","BZTF21",564,2020-09-02 20:28:16.0242,-1.75,584
"Q","BZTF21",566,2020-09-02 20:28:16.03,-1.75,576
"Q","BZTF21",568,2020-09-02 20:28:16.0324,-1.75,574
"Q","BZTF21",570,2020-09-02 20:28:16.0559,-1.75,598
"Q","BZTF21",572,2020-09-02 20:28:16.0559,-1.75,605
"Q","BZTF21",574,2020-09-02 20:28:16.0679,-1.75,598
"Q","BZTF21",576,2020-09-02 20:28:16.0679,-1.75,597
"Q","BZTF21",578,2020-09-02 20:28:16.0859,-1.75,596
"Q","BZTF21",580,2020-09-02 20:28:16.1009,-1.75,611
"Q","BZTF21",582,2020-09-02 20:28:16.1193,-1.75,610
"Q","BZTF21",584,2020-09-02 20:28:16.124,-1.75,596
"Q","BZTF21",586,2020-09-02 20:28:16.124,-1.75,588
"Q","BZTF21",588,2020-09-02 20:28:16.1268,-1.75,587
"Q","BZTF21",590,2020-09-02 20:28:16.1395,-1.75,580
"Q","BZTF21",592,2020-09-02 20:28:16.1395,-1.75,574
"Q","BZTF21",594,2020-09-02 20:28:16.1395,-1.75,572
"Q","BZTF21",596,2020-09-02 20:28:16.216,-1.75,614
"Q","BZTF21",598,2020-09-02 20:28:16.2314,-1.75,584
"Q","BZTF21",600,2020-09-02 20:28:16.2343,-1.75,576
"Q","BZTF21",602,2020-09-02 20:28:16.237,-1.75,573
"Q","BZTF21",604,2020-09-02 20:28:16.237,-1.75,569
